transaction_id,transaction_date,post_date,description,category,transaction_type,amount,balance,currency,account_name,account_type,merchant,city,state,country,reference,channel,status
705A0AA8D06B4BA5,2025-01-01 20:02:55,2025-01-03,Restaurant,Dining,Debit,-51.08,15368.92,USD,Demo High Yield Savings,Savings,Restaurant,Boston,MA,US,REF41074206,Card,Posted
CFBE13FF711749CE,2025-01-02 07:04:49,2025-01-03,Grocery Market,Groceries,Debit,-42.74,15326.18,USD,Demo High Yield Savings,Savings,Grocery Market,San Francisco,CA,US,REF77171016,POS,Posted
1A8AFC246B644098,2025-01-02 14:53:54,2025-01-02,Pharmacy,Health,Debit,-15.72,15310.46,USD,Demo High Yield Savings,Savings,Pharmacy,Miami,FL,US,REF39343051,Card,Posted
82BF0A627E664DA3,2025-01-02 15:11:02,2025-01-02,Cloud Hosting,Infrastructure,Debit,-116.38,15194.08,USD,Demo High Yield Savings,Savings,Cloud Hosting,Chicago,IL,US,REF57949350,ACH,Posted
E94E37933B8D44A5,2025-01-03 05:33:47,2025-01-04,Online Retailer,Shopping,Debit,-70.29,15123.79,USD,Demo High Yield Savings,Savings,Online Retailer,Seattle,WA,US,REF79524101,Online,Posted
35F143B174C04161,2025-01-03 08:44:13,2025-01-05,Restaurant,Dining,Debit,-45.87,15077.92,USD,Demo High Yield Savings,Savings,Restaurant,Miami,FL,US,REF41640398,Card,Posted
46E7CCFAC8214FE3,2025-01-03 16:28:49,2025-01-03,Streaming Service,Entertainment,Debit,-7.60,15070.32,USD,Demo High Yield Savings,Savings,Streaming Service,Denver,CO,US,REF83858433,ACH,Posted
5B18A5D3D87945A8,2025-01-03 21:23:36,2025-01-03,Grocery Market,Groceries,Debit,-52.80,15017.52,USD,Demo High Yield Savings,Savings,Grocery Market,Boston,MA,US,REF38378459,POS,Posted
B7FC46FCFD214567,2025-01-03 21:33:56,2025-01-04,Water Utility,Bills,Debit,-13.19,15004.33,USD,Demo High Yield Savings,Savings,Water Utility,New York,NY,US,REF38320949,ACH,Posted
810B70164E874507,2025-01-05 11:46:54,2025-01-07,Pharmacy,Health,Debit,-32.93,14971.40,USD,Demo High Yield Savings,Savings,Pharmacy,Seattle,WA,US,REF60540462,Card,Pending
F98E3911D8E3492A,2025-01-06 06:28:23,2025-01-08,Coffee Shop,Food & Drink,Debit,-3.28,14968.12,USD,Demo High Yield Savings,Savings,Coffee Shop,New York,NY,US,REF59508547,POS,Posted
8FF4F22D05194652,2025-01-07 05:20:08,2025-01-09,Pharmacy,Health,Debit,-14.55,14953.57,USD,Demo High Yield Savings,Savings,Pharmacy,Boston,MA,US,REF99952040,Card,Pending
AAE79C03E1BB41D1,2025-01-07 18:53:52,2025-01-08,Software Subscription,SaaS,Debit,-35.39,14918.18,USD,Demo High Yield Savings,Savings,Software Subscription,San Francisco,CA,US,REF80793145,ACH,Posted
133990D404D34BE8,2025-01-07 19:06:24,2025-01-08,Payroll Deposit,Income,Credit,3679.69,18597.87,USD,Demo High Yield Savings,Savings,Payroll Deposit,Austin,TX,US,REF96500924,ACH,Posted
777E61DC3899448B,2025-01-07 19:17:02,2025-01-09,Pharmacy,Health,Debit,-7.60,18590.27,USD,Demo High Yield Savings,Savings,Pharmacy,Chicago,IL,US,REF43962179,Card,Posted
9A80D88456D14DF4,2025-01-08 00:30:16,2025-01-10,Insurance Payment,Insurance,Debit,-141.65,18448.62,USD,Demo High Yield Savings,Savings,Insurance Payment,Seattle,WA,US,REF85400080,ACH,Posted
3958122BA3774F04,2025-01-08 11:57:14,2025-01-08,Payroll Deposit,Income,Credit,1537.23,19985.85,USD,Demo High Yield Savings,Savings,Payroll Deposit,Boston,MA,US,REF73845946,ACH,Pending
D52BAE80EB1F4345,2025-01-08 13:50:52,2025-01-10,Gas Station,Transport,Debit,-16.12,19969.73,USD,Demo High Yield Savings,Savings,Gas Station,San Francisco,CA,US,REF22730042,POS,Posted
4C2B1E45235B4A9F,2025-01-08 21:04:21,2025-01-08,Online Retailer,Shopping,Debit,-21.41,19948.32,USD,Demo High Yield Savings,Savings,Online Retailer,Chicago,IL,US,REF26051288,Online,Posted
83B737C5797B4132,2025-01-09 03:14:29,2025-01-09,Streaming Service,Entertainment,Debit,-7.50,19940.82,USD,Demo High Yield Savings,Savings,Streaming Service,San Francisco,CA,US,REF83778810,ACH,Posted
DBA9311312924600,2025-01-09 08:46:41,2025-01-10,Gas Station,Transport,Debit,-20.05,19920.77,USD,Demo High Yield Savings,Savings,Gas Station,Austin,TX,US,REF11244728,POS,Posted
35319E9C403B40F9,2025-01-09 19:49:40,2025-01-11,Gas Station,Transport,Debit,-8.55,19912.22,USD,Demo High Yield Savings,Savings,Gas Station,San Francisco,CA,US,REF16306434,POS,Posted
A4B649DC6502451F,2025-01-09 22:28:16,2025-01-11,Electric Utility,Bills,Debit,-108.47,19803.75,USD,Demo High Yield Savings,Savings,Electric Utility,San Francisco,CA,US,REF93721739,ACH,Pending
7F848BF36113454D,2025-01-10 17:30:03,2025-01-11,Office Supplies,Operations,Debit,-19.64,19784.11,USD,Demo High Yield Savings,Savings,Office Supplies,Boston,MA,US,REF83758671,Card,Posted
6B2EE12F47AC4AB1,2025-01-10 19:52:03,2025-01-12,Ride Share,Transport,Debit,-8.20,19775.91,USD,Demo High Yield Savings,Savings,Ride Share,Denver,CO,US,REF48835846,Card,Posted
C9D7D03CD7ED4D64,2025-01-11 15:27:46,2025-01-12,Grocery Market,Groceries,Debit,-27.68,19748.23,USD,Demo High Yield Savings,Savings,Grocery Market,Boston,MA,US,REF46120895,POS,Posted
AD2898A677C74C96,2025-01-11 16:56:19,2025-01-13,Interest Credit,Interest,Credit,15.26,19763.49,USD,Demo High Yield Savings,Savings,Interest Credit,New York,NY,US,REF39934299,System,Posted
A5823201AE884A5F,2025-01-12 05:47:16,2025-01-14,Cloud Hosting,Infrastructure,Debit,-343.71,19419.78,USD,Demo High Yield Savings,Savings,Cloud Hosting,Seattle,WA,US,REF35721973,ACH,Posted
C349CC388B21458E,2025-01-12 09:17:29,2025-01-12,Streaming Service,Entertainment,Debit,-11.94,19407.84,USD,Demo High Yield Savings,Savings,Streaming Service,Seattle,WA,US,REF60543809,ACH,Posted
351E699F05FD47EC,2025-01-12 09:35:47,2025-01-13,Electric Utility,Bills,Debit,-60.03,19347.81,USD,Demo High Yield Savings,Savings,Electric Utility,New York,NY,US,REF91486500,ACH,Posted
7824E945675D41BB,2025-01-13 21:59:36,2025-01-13,Water Utility,Bills,Debit,-14.63,19333.18,USD,Demo High Yield Savings,Savings,Water Utility,Seattle,WA,US,REF86726438,ACH,Posted
96E9313CA2484533,2025-01-15 03:05:11,2025-01-16,Payroll Deposit,Income,Credit,2317.53,21650.71,USD,Demo High Yield Savings,Savings,Payroll Deposit,Seattle,WA,US,REF77559901,ACH,Posted
5CB6C536F081415E,2025-01-15 19:57:02,2025-01-17,Coffee Shop,Food & Drink,Debit,-4.94,21645.77,USD,Demo High Yield Savings,Savings,Coffee Shop,New York,NY,US,REF59598894,POS,Posted
85E323C614ED4C43,2025-01-16 01:31:27,2025-01-17,Gas Station,Transport,Debit,-37.35,21608.42,USD,Demo High Yield Savings,Savings,Gas Station,Boston,MA,US,REF15910104,POS,Posted
FC347FA5419948C1,2025-01-16 07:36:47,2025-01-18,Mobile Carrier,Bills,Debit,-15.05,21593.37,USD,Demo High Yield Savings,Savings,Mobile Carrier,Boston,MA,US,REF60704539,ACH,Posted
A7C2829891354E09,2025-01-16 15:13:19,2025-01-17,Insurance Payment,Insurance,Debit,-185.03,21408.34,USD,Demo High Yield Savings,Savings,Insurance Payment,Denver,CO,US,REF13822276,ACH,Posted
619ACE5797D84121,2025-01-16 23:10:14,2025-01-16,Client Payment,Revenue,Credit,8908.11,30316.45,USD,Demo High Yield Savings,Savings,Client Payment,Seattle,WA,US,REF73943071,Wire,Posted
D44C03E1700A4028,2025-01-17 18:02:41,2025-01-18,Refund,Refund,Credit,24.54,30340.99,USD,Demo High Yield Savings,Savings,Refund,Austin,TX,US,REF95524438,Card,Posted
60BB2C05794D4DF7,2025-01-17 19:49:24,2025-01-17,Software Subscription,SaaS,Debit,-58.40,30282.59,USD,Demo High Yield Savings,Savings,Software Subscription,Denver,CO,US,REF17258161,ACH,Posted
941D7D76CDA64115,2025-01-17 21:43:26,2025-01-19,Client Payment,Revenue,Credit,1133.29,31415.88,USD,Demo High Yield Savings,Savings,Client Payment,Miami,FL,US,REF65980819,Wire,Posted
B3256856EBBC43C9,2025-01-18 10:44:06,2025-01-20,Cloud Hosting,Infrastructure,Debit,-139.00,31276.88,USD,Demo High Yield Savings,Savings,Cloud Hosting,Denver,CO,US,REF73819982,ACH,Posted
BCE102E42F654156,2025-01-19 22:43:17,2025-01-21,Mobile Carrier,Bills,Debit,-33.92,31242.96,USD,Demo High Yield Savings,Savings,Mobile Carrier,Boston,MA,US,REF66977334,ACH,Pending
EFBC82ABBD704A58,2025-01-20 00:47:41,2025-01-21,Restaurant,Dining,Debit,-45.54,31197.42,USD,Demo High Yield Savings,Savings,Restaurant,New York,NY,US,REF85553948,Card,Posted
1B43A76C024641E1,2025-01-20 09:10:09,2025-01-22,Grocery Market,Groceries,Debit,-32.39,31165.03,USD,Demo High Yield Savings,Savings,Grocery Market,Miami,FL,US,REF41080809,POS,Posted
1CC3D57071D84325,2025-01-20 11:01:39,2025-01-22,Office Supplies,Operations,Debit,-86.72,31078.31,USD,Demo High Yield Savings,Savings,Office Supplies,San Francisco,CA,US,REF27669523,Card,Posted
B821697C20614550,2025-01-20 12:52:51,2025-01-22,Pharmacy,Health,Debit,-18.35,31059.96,USD,Demo High Yield Savings,Savings,Pharmacy,Boston,MA,US,REF34258202,Card,Posted
DA25A7E590194138,2025-01-20 13:06:59,2025-01-22,Online Retailer,Shopping,Debit,-108.16,30951.80,USD,Demo High Yield Savings,Savings,Online Retailer,Denver,CO,US,REF94031142,Online,Posted
CB906C22DA1C4BB4,2025-01-20 23:04:28,2025-01-21,Insurance Payment,Insurance,Debit,-30.09,30921.71,USD,Demo High Yield Savings,Savings,Insurance Payment,Austin,TX,US,REF70332161,ACH,Pending
E5EFA0972449481D,2025-01-21 09:58:56,2025-01-22,Pharmacy,Health,Debit,-14.64,30907.07,USD,Demo High Yield Savings,Savings,Pharmacy,Seattle,WA,US,REF28373284,Card,Posted
173291DC59A54389,2025-01-21 11:25:45,2025-01-23,Electric Utility,Bills,Debit,-50.80,30856.27,USD,Demo High Yield Savings,Savings,Electric Utility,Miami,FL,US,REF45232032,ACH,Posted
45A444A4DB784CA0,2025-01-21 14:46:37,2025-01-23,Restaurant,Dining,Debit,-51.24,30805.03,USD,Demo High Yield Savings,Savings,Restaurant,Chicago,IL,US,REF48183020,Card,Posted
3A1FD08A7FC54AD7,2025-01-22 02:24:08,2025-01-22,Water Utility,Bills,Debit,-24.95,30780.08,USD,Demo High Yield Savings,Savings,Water Utility,Chicago,IL,US,REF63018273,ACH,Posted
B44A7DDC6C214C96,2025-01-22 11:03:58,2025-01-23,Cloud Hosting,Infrastructure,Debit,-157.14,30622.94,USD,Demo High Yield Savings,Savings,Cloud Hosting,Seattle,WA,US,REF53023903,ACH,Posted
5C41B3E2C28046A4,2025-01-23 06:06:29,2025-01-23,Office Supplies,Operations,Debit,-37.79,30585.15,USD,Demo High Yield Savings,Savings,Office Supplies,New York,NY,US,REF76474713,Card,Posted
BA94B78B69EF4EC6,2025-01-23 08:20:35,2025-01-25,Electric Utility,Bills,Debit,-73.71,30511.44,USD,Demo High Yield Savings,Savings,Electric Utility,Seattle,WA,US,REF12943511,ACH,Posted
68DAD951093C4960,2025-01-23 15:57:35,2025-01-25,Gas Station,Transport,Debit,-26.48,30484.96,USD,Demo High Yield Savings,Savings,Gas Station,New York,NY,US,REF84250773,POS,Posted
FA298A9F309245BC,2025-01-23 18:00:09,2025-01-24,Insurance Payment,Insurance,Debit,-51.32,30433.64,USD,Demo High Yield Savings,Savings,Insurance Payment,Chicago,IL,US,REF96454359,ACH,Posted
94F586DBC7A9489D,2025-01-23 19:03:00,2025-01-25,Insurance Payment,Insurance,Debit,-53.91,30379.73,USD,Demo High Yield Savings,Savings,Insurance Payment,Chicago,IL,US,REF55833897,ACH,Posted
CA33ABCA95884B32,2025-01-24 06:14:41,2025-01-25,Payroll Deposit,Income,Credit,1507.42,31887.15,USD,Demo High Yield Savings,Savings,Payroll Deposit,Seattle,WA,US,REF59736100,ACH,Pending
249837ADC5B64E8E,2025-01-24 07:53:15,2025-01-25,Payroll Deposit,Income,Credit,3854.23,35741.38,USD,Demo High Yield Savings,Savings,Payroll Deposit,San Francisco,CA,US,REF28987151,ACH,Pending
8BA865D6DC05467B,2025-01-24 16:44:06,2025-01-24,Electric Utility,Bills,Debit,-41.89,35699.49,USD,Demo High Yield Savings,Savings,Electric Utility,San Francisco,CA,US,REF15658420,ACH,Posted
4AD42309B0974CBB,2025-01-25 05:02:00,2025-01-25,Online Retailer,Shopping,Debit,-26.20,35673.29,USD,Demo High Yield Savings,Savings,Online Retailer,Denver,CO,US,REF91405981,Online,Posted
F1090E32EA2F4406,2025-01-25 05:36:44,2025-01-27,Software Subscription,SaaS,Debit,-49.57,35623.72,USD,Demo High Yield Savings,Savings,Software Subscription,Seattle,WA,US,REF80327598,ACH,Posted
A44FA6B33C774B8A,2025-01-25 09:23:33,2025-01-26,Refund,Refund,Credit,20.96,35644.68,USD,Demo High Yield Savings,Savings,Refund,Miami,FL,US,REF63769921,Card,Posted
5A0B555052754B03,2025-01-26 16:54:38,2025-01-28,Online Retailer,Shopping,Debit,-32.61,35612.07,USD,Demo High Yield Savings,Savings,Online Retailer,Seattle,WA,US,REF80474490,Online,Posted
EC6EB0581B034199,2025-01-26 20:15:07,2025-01-26,Payroll Deposit,Income,Credit,3885.18,39497.25,USD,Demo High Yield Savings,Savings,Payroll Deposit,Seattle,WA,US,REF87206131,ACH,Posted
321F730C5B9947FB,2025-01-28 05:35:13,2025-01-30,Transfer In,Transfer,Credit,278.45,39775.70,USD,Demo High Yield Savings,Savings,Transfer In,Chicago,IL,US,REF40687335,Internal,Posted
6CFD16C4819C4EC9,2025-01-28 09:27:16,2025-01-30,Ride Share,Transport,Debit,-30.04,39745.66,USD,Demo High Yield Savings,Savings,Ride Share,Seattle,WA,US,REF77385565,Card,Posted
A8E68B18C86F4098,2025-01-28 17:12:11,2025-01-28,Streaming Service,Entertainment,Debit,-9.30,39736.36,USD,Demo High Yield Savings,Savings,Streaming Service,Austin,TX,US,REF72492044,ACH,Posted
57666286C4AE4BFC,2025-01-29 05:42:42,2025-01-31,Refund,Refund,Credit,12.61,39748.97,USD,Demo High Yield Savings,Savings,Refund,Austin,TX,US,REF83249011,Card,Posted
40B5489768AB4781,2025-01-29 07:25:11,2025-01-31,Cloud Hosting,Infrastructure,Debit,-169.78,39579.19,USD,Demo High Yield Savings,Savings,Cloud Hosting,Seattle,WA,US,REF97603904,ACH,Pending
B94686AFC3D94A5B,2025-01-29 16:56:13,2025-01-30,Electric Utility,Bills,Debit,-53.53,39525.66,USD,Demo High Yield Savings,Savings,Electric Utility,Boston,MA,US,REF13660053,ACH,Pending
84B61507D7AC4E66,2025-01-30 03:35:24,2025-02-01,Cloud Hosting,Infrastructure,Debit,-254.80,39270.86,USD,Demo High Yield Savings,Savings,Cloud Hosting,Chicago,IL,US,REF66886173,ACH,Posted
50E4141661F74E44,2025-01-31 03:51:50,2025-02-02,Payroll Deposit,Income,Credit,1821.66,41092.52,USD,Demo High Yield Savings,Savings,Payroll Deposit,Seattle,WA,US,REF65374574,ACH,Posted
89C3230F5F2046DB,2025-01-31 13:31:36,2025-02-02,Payroll Deposit,Income,Credit,2393.35,43485.87,USD,Demo High Yield Savings,Savings,Payroll Deposit,Austin,TX,US,REF67508694,ACH,Posted
604F37F5AA784AB0,2025-01-31 15:15:14,2025-02-02,Mobile Carrier,Bills,Debit,-37.50,43448.37,USD,Demo High Yield Savings,Savings,Mobile Carrier,Austin,TX,US,REF85413975,ACH,Posted
0B32CCF952E24706,2025-01-31 15:16:26,2025-02-01,Cloud Hosting,Infrastructure,Debit,-36.01,43412.36,USD,Demo High Yield Savings,Savings,Cloud Hosting,Denver,CO,US,REF85874940,ACH,Posted
6BD737734FB34B82,2025-02-01 01:12:01,2025-02-02,Online Retailer,Shopping,Debit,-116.22,43296.14,USD,Demo High Yield Savings,Savings,Online Retailer,Chicago,IL,US,REF86861917,Online,Posted
2CB251E528DE4A63,2025-02-01 23:56:12,2025-02-03,Interest Credit,Interest,Credit,36.34,43332.48,USD,Demo High Yield Savings,Savings,Interest Credit,Chicago,IL,US,REF11464854,System,Posted
E2ABFA1CA7954DED,2025-02-02 14:11:16,2025-02-03,Cloud Hosting,Infrastructure,Debit,-88.56,43243.92,USD,Demo High Yield Savings,Savings,Cloud Hosting,Chicago,IL,US,REF33420365,ACH,Posted
F644FD9F888C4EF1,2025-02-03 01:50:22,2025-02-05,Payroll Deposit,Income,Credit,1548.51,44792.43,USD,Demo High Yield Savings,Savings,Payroll Deposit,Austin,TX,US,REF59902352,ACH,Posted
B4A5D94C3FA84E47,2025-02-03 13:23:36,2025-02-05,Office Supplies,Operations,Debit,-4.39,44788.04,USD,Demo High Yield Savings,Savings,Office Supplies,New York,NY,US,REF94195153,Card,Posted
2B8C2176D75A408B,2025-02-03 23:47:41,2025-02-03,Office Supplies,Operations,Debit,-62.29,44725.75,USD,Demo High Yield Savings,Savings,Office Supplies,New York,NY,US,REF27207159,Card,Posted
F6C4C51FFEE841DF,2025-02-04 10:45:30,2025-02-06,Gas Station,Transport,Debit,-23.62,44702.13,USD,Demo High Yield Savings,Savings,Gas Station,Chicago,IL,US,REF39045233,POS,Pending
25F8D747E0FC4C0F,2025-02-04 22:45:47,2025-02-05,Insurance Payment,Insurance,Debit,-193.34,44508.79,USD,Demo High Yield Savings,Savings,Insurance Payment,Denver,CO,US,REF38831688,ACH,Posted
075DC5E862FB4D12,2025-02-05 07:38:33,2025-02-06,Gas Station,Transport,Debit,-18.89,44489.90,USD,Demo High Yield Savings,Savings,Gas Station,San Francisco,CA,US,REF24947264,POS,Posted
F5507D0AA0CE4943,2025-02-05 08:06:35,2025-02-07,Interest Credit,Interest,Credit,70.03,44559.93,USD,Demo High Yield Savings,Savings,Interest Credit,Chicago,IL,US,REF66809516,System,Posted
022147ABD682479C,2025-02-06 04:42:08,2025-02-08,Cloud Hosting,Infrastructure,Debit,-185.66,44374.27,USD,Demo High Yield Savings,Savings,Cloud Hosting,San Francisco,CA,US,REF19742877,ACH,Posted
2A23B0E8F8224A13,2025-02-06 11:31:42,2025-02-08,Online Retailer,Shopping,Debit,-61.84,44312.43,USD,Demo High Yield Savings,Savings,Online Retailer,Austin,TX,US,REF41562316,Online,Posted
6CC9EBDBF1994A68,2025-02-06 19:04:33,2025-02-07,Interest Credit,Interest,Credit,48.30,44360.73,USD,Demo High Yield Savings,Savings,Interest Credit,San Francisco,CA,US,REF34070716,System,Posted
2C0B3CD21DA54C59,2025-02-06 21:25:08,2025-02-06,Grocery Market,Groceries,Debit,-48.15,44312.58,USD,Demo High Yield Savings,Savings,Grocery Market,Chicago,IL,US,REF24867878,POS,Posted
552CAF1503D94B77,2025-02-07 15:13:24,2025-02-08,Gas Station,Transport,Debit,-21.11,44291.47,USD,Demo High Yield Savings,Savings,Gas Station,Chicago,IL,US,REF24195922,POS,Pending
72E6663163A54124,2025-02-07 18:57:39,2025-02-09,Mobile Carrier,Bills,Debit,-83.34,44208.13,USD,Demo High Yield Savings,Savings,Mobile Carrier,Austin,TX,US,REF90282015,ACH,Posted
742263586074434E,2025-02-08 14:03:51,2025-02-10,Office Supplies,Operations,Debit,-45.21,44162.92,USD,Demo High Yield Savings,Savings,Office Supplies,Chicago,IL,US,REF27702023,Card,Posted
8794FB83F4D7404B,2025-02-09 02:58:48,2025-02-11,Software Subscription,SaaS,Debit,-200.29,43962.63,USD,Demo High Yield Savings,Savings,Software Subscription,Miami,FL,US,REF22791995,ACH,Pending
19DE7C4238764F3B,2025-02-09 10:23:02,2025-02-09,Electric Utility,Bills,Debit,-85.68,43876.95,USD,Demo High Yield Savings,Savings,Electric Utility,Seattle,WA,US,REF55335089,ACH,Posted
DF75FA5D4A734B01,2025-02-09 22:08:20,2025-02-11,Software Subscription,SaaS,Debit,-43.65,43833.30,USD,Demo High Yield Savings,Savings,Software Subscription,New York,NY,US,REF78109300,ACH,Pending
DA5221C2B2624DFD,2025-02-10 12:20:40,2025-02-12,Client Payment,Revenue,Credit,7857.96,51691.26,USD,Demo High Yield Savings,Savings,Client Payment,New York,NY,US,REF76478091,Wire,Posted
64E0C8BFC60045D9,2025-02-10 18:24:01,2025-02-12,Water Utility,Bills,Debit,-37.49,51653.77,USD,Demo High Yield Savings,Savings,Water Utility,San Francisco,CA,US,REF35039011,ACH,Posted
F931FD9C2A12452D,2025-02-11 05:05:45,2025-02-11,Client Payment,Revenue,Credit,7624.33,59278.10,USD,Demo High Yield Savings,Savings,Client Payment,Austin,TX,US,REF41282897,Wire,Posted
107A5203274E47C8,2025-02-11 05:15:54,2025-02-11,Grocery Market,Groceries,Debit,-30.67,59247.43,USD,Demo High Yield Savings,Savings,Grocery Market,Boston,MA,US,REF84537577,POS,Posted
59FEBA8D0962414B,2025-02-11 09:14:02,2025-02-12,Online Retailer,Shopping,Debit,-102.19,59145.24,USD,Demo High Yield Savings,Savings,Online Retailer,Denver,CO,US,REF66715484,Online,Pending
352FFE9E4A374B14,2025-02-11 21:12:52,2025-02-13,Payroll Deposit,Income,Credit,1343.75,60488.99,USD,Demo High Yield Savings,Savings,Payroll Deposit,Denver,CO,US,REF18888224,ACH,Pending
E0C92F0249734646,2025-02-12 03:05:05,2025-02-14,Gas Station,Transport,Debit,-23.32,60465.67,USD,Demo High Yield Savings,Savings,Gas Station,Austin,TX,US,REF22390315,POS,Posted
DFF66804A0924282,2025-02-12 05:28:02,2025-02-13,Office Supplies,Operations,Debit,-28.19,60437.48,USD,Demo High Yield Savings,Savings,Office Supplies,New York,NY,US,REF10432769,Card,Posted
C9FC4B9014F4406D,2025-02-12 08:09:40,2025-02-14,Payroll Deposit,Income,Credit,4072.85,64510.33,USD,Demo High Yield Savings,Savings,Payroll Deposit,Austin,TX,US,REF24272571,ACH,Posted
8C5A8566C621491F,2025-02-12 10:14:28,2025-02-12,Restaurant,Dining,Debit,-21.78,64488.55,USD,Demo High Yield Savings,Savings,Restaurant,New York,NY,US,REF13537870,Card,Pending
0A38C04285BA499B,2025-02-12 16:11:25,2025-02-14,Gas Station,Transport,Debit,-21.47,64467.08,USD,Demo High Yield Savings,Savings,Gas Station,New York,NY,US,REF12244018,POS,Posted
F8894B2384EA4778,2025-02-13 01:17:54,2025-02-15,Water Utility,Bills,Debit,-7.58,64459.50,USD,Demo High Yield Savings,Savings,Water Utility,Boston,MA,US,REF69595320,ACH,Posted
846FC70994FA43BC,2025-02-13 11:04:11,2025-02-13,Pharmacy,Health,Debit,-8.03,64451.47,USD,Demo High Yield Savings,Savings,Pharmacy,Chicago,IL,US,REF99778757,Card,Posted
004A8BE6CCD74D37,2025-02-13 18:32:48,2025-02-13,Streaming Service,Entertainment,Debit,-8.72,64442.75,USD,Demo High Yield Savings,Savings,Streaming Service,Miami,FL,US,REF83864238,ACH,Posted
9B7A02AD9D344096,2025-02-13 21:53:10,2025-02-13,Pharmacy,Health,Debit,-14.29,64428.46,USD,Demo High Yield Savings,Savings,Pharmacy,New York,NY,US,REF21568108,Card,Pending
A64C275928134872,2025-02-13 23:18:35,2025-02-14,Electric Utility,Bills,Debit,-121.17,64307.29,USD,Demo High Yield Savings,Savings,Electric Utility,Austin,TX,US,REF28311107,ACH,Pending
B6C0E4BB0ED04F1E,2025-02-14 01:49:22,2025-02-14,Electric Utility,Bills,Debit,-115.14,64192.15,USD,Demo High Yield Savings,Savings,Electric Utility,Miami,FL,US,REF26376401,ACH,Posted
462FBEA403C64F86,2025-02-14 04:27:56,2025-02-16,Client Payment,Revenue,Credit,8143.43,72335.58,USD,Demo High Yield Savings,Savings,Client Payment,Denver,CO,US,REF94699404,Wire,Posted
4A37E6190BA14A97,2025-02-14 09:26:49,2025-02-15,Pharmacy,Health,Debit,-6.04,72329.54,USD,Demo High Yield Savings,Savings,Pharmacy,Seattle,WA,US,REF22567290,Card,Posted
FA75BBB83E164AF3,2025-02-14 15:16:34,2025-02-14,Online Retailer,Shopping,Debit,-98.81,72230.73,USD,Demo High Yield Savings,Savings,Online Retailer,Seattle,WA,US,REF22617221,Online,Pending
767AFF13584A4D4E,2025-02-15 19:23:29,2025-02-16,Mobile Carrier,Bills,Debit,-37.67,72193.06,USD,Demo High Yield Savings,Savings,Mobile Carrier,San Francisco,CA,US,REF83957197,ACH,Posted
0462CB659E554C19,2025-02-16 16:52:49,2025-02-18,Client Payment,Revenue,Credit,8596.86,80789.92,USD,Demo High Yield Savings,Savings,Client Payment,Miami,FL,US,REF84329746,Wire,Posted
436F79C1CC0D4D2A,2025-02-16 23:12:46,2025-02-16,Restaurant,Dining,Debit,-14.22,80775.70,USD,Demo High Yield Savings,Savings,Restaurant,San Francisco,CA,US,REF42741152,Card,Posted
F378633A13314DE3,2025-02-17 02:31:54,2025-02-18,Electric Utility,Bills,Debit,-46.69,80729.01,USD,Demo High Yield Savings,Savings,Electric Utility,New York,NY,US,REF65531931,ACH,Posted
C386E4D79C6B4A7D,2025-02-17 10:24:41,2025-02-17,Gas Station,Transport,Debit,-14.93,80714.08,USD,Demo High Yield Savings,Savings,Gas Station,Boston,MA,US,REF74512027,POS,Posted
532A6F2B78214D44,2025-02-17 19:03:36,2025-02-19,Streaming Service,Entertainment,Debit,-11.61,80702.47,USD,Demo High Yield Savings,Savings,Streaming Service,San Francisco,CA,US,REF32538675,ACH,Posted
45907A666680403A,2025-02-18 00:43:08,2025-02-20,Insurance Payment,Insurance,Debit,-56.25,80646.22,USD,Demo High Yield Savings,Savings,Insurance Payment,Austin,TX,US,REF34324718,ACH,Pending
562CB2518AAF42B4,2025-02-18 12:35:33,2025-02-18,Software Subscription,SaaS,Debit,-109.77,80536.45,USD,Demo High Yield Savings,Savings,Software Subscription,Austin,TX,US,REF41720102,ACH,Pending
A095DA920F034C5F,2025-02-18 13:17:18,2025-02-18,Water Utility,Bills,Debit,-10.65,80525.80,USD,Demo High Yield Savings,Savings,Water Utility,New York,NY,US,REF23638593,ACH,Pending
2E151A8572F94A08,2025-02-18 17:29:21,2025-02-18,Transfer In,Transfer,Credit,756.17,81281.97,USD,Demo High Yield Savings,Savings,Transfer In,Austin,TX,US,REF30998769,Internal,Posted
B232C5CD3CAF4384,2025-02-19 12:08:20,2025-02-19,Software Subscription,SaaS,Debit,-35.48,81246.49,USD,Demo High Yield Savings,Savings,Software Subscription,Boston,MA,US,REF66987832,ACH,Posted
9076B3180F2E4BEF,2025-02-19 21:54:21,2025-02-21,Grocery Market,Groceries,Debit,-48.80,81197.69,USD,Demo High Yield Savings,Savings,Grocery Market,Chicago,IL,US,REF13411007,POS,Posted
31D821AC69B44486,2025-02-20 02:34:39,2025-02-21,Office Supplies,Operations,Debit,-54.13,81143.56,USD,Demo High Yield Savings,Savings,Office Supplies,Chicago,IL,US,REF81612882,Card,Posted
02B282C5C1EF434A,2025-02-20 08:58:19,2025-02-22,Gas Station,Transport,Debit,-28.90,81114.66,USD,Demo High Yield Savings,Savings,Gas Station,Chicago,IL,US,REF53282519,POS,Posted
9F3EFA0E68F44B8A,2025-02-20 12:14:24,2025-02-20,Gas Station,Transport,Debit,-32.83,81081.83,USD,Demo High Yield Savings,Savings,Gas Station,Seattle,WA,US,REF89031028,POS,Pending
2B9D46F7576B4E2C,2025-02-20 13:44:37,2025-02-22,Pharmacy,Health,Debit,-7.46,81074.37,USD,Demo High Yield Savings,Savings,Pharmacy,Denver,CO,US,REF15190410,Card,Pending
CC32559A31E84455,2025-02-21 02:06:29,2025-02-23,Grocery Market,Groceries,Debit,-51.58,81022.79,USD,Demo High Yield Savings,Savings,Grocery Market,Boston,MA,US,REF29102432,POS,Posted
4AA66CFB047F447E,2025-02-21 05:58:22,2025-02-22,Water Utility,Bills,Debit,-33.05,80989.74,USD,Demo High Yield Savings,Savings,Water Utility,San Francisco,CA,US,REF68922751,ACH,Posted
05610A928C9C4401,2025-02-21 21:10:40,2025-02-23,Cloud Hosting,Infrastructure,Debit,-286.41,80703.33,USD,Demo High Yield Savings,Savings,Cloud Hosting,New York,NY,US,REF82587841,ACH,Posted
D3F1EEA4CDAB4264,2025-02-22 13:58:24,2025-02-22,Online Retailer,Shopping,Debit,-82.89,80620.44,USD,Demo High Yield Savings,Savings,Online Retailer,San Francisco,CA,US,REF75098469,Online,Pending
C37F08120D984B00,2025-02-22 16:56:53,2025-02-23,Coffee Shop,Food & Drink,Debit,-2.56,80617.88,USD,Demo High Yield Savings,Savings,Coffee Shop,San Francisco,CA,US,REF67329147,POS,Pending
C2F91A8CD6A847A1,2025-02-22 18:57:08,2025-02-22,Cloud Hosting,Infrastructure,Debit,-18.75,80599.13,USD,Demo High Yield Savings,Savings,Cloud Hosting,Boston,MA,US,REF81803895,ACH,Posted
7E608488CFD14BE6,2025-02-23 02:41:01,2025-02-25,Grocery Market,Groceries,Debit,-46.96,80552.17,USD,Demo High Yield Savings,Savings,Grocery Market,Boston,MA,US,REF83112925,POS,Posted
ECB92B6300AB41FD,2025-02-23 08:53:28,2025-02-25,Streaming Service,Entertainment,Debit,-3.14,80549.03,USD,Demo High Yield Savings,Savings,Streaming Service,San Francisco,CA,US,REF22018085,ACH,Posted
F077C213BDE243A9,2025-02-23 08:53:46,2025-02-25,Refund,Refund,Credit,56.22,80605.25,USD,Demo High Yield Savings,Savings,Refund,Chicago,IL,US,REF54134771,Card,Pending
8D02F9A3F7DA458A,2025-02-23 19:14:46,2025-02-24,Water Utility,Bills,Debit,-23.11,80582.14,USD,Demo High Yield Savings,Savings,Water Utility,New York,NY,US,REF71772215,ACH,Posted
AE968A074D9D461D,2025-02-23 20:51:01,2025-02-24,Office Supplies,Operations,Debit,-37.54,80544.60,USD,Demo High Yield Savings,Savings,Office Supplies,New York,NY,US,REF78408689,Card,Posted
E725C63975444D8F,2025-02-24 00:54:01,2025-02-26,Payroll Deposit,Income,Credit,4040.36,84584.96,USD,Demo High Yield Savings,Savings,Payroll Deposit,Austin,TX,US,REF10001272,ACH,Posted
5E7D8C3DFD024737,2025-02-24 21:37:04,2025-02-25,Payroll Deposit,Income,Credit,1640.66,86225.62,USD,Demo High Yield Savings,Savings,Payroll Deposit,San Francisco,CA,US,REF28961944,ACH,Posted
AD0B6E82BD3E4811,2025-02-25 02:32:28,2025-02-25,Online Retailer,Shopping,Debit,-28.39,86197.23,USD,Demo High Yield Savings,Savings,Online Retailer,Seattle,WA,US,REF65830504,Online,Posted
D0D704C7A2894F36,2025-02-25 03:14:02,2025-02-26,Grocery Market,Groceries,Debit,-69.74,86127.49,USD,Demo High Yield Savings,Savings,Grocery Market,San Francisco,CA,US,REF42447383,POS,Pending
9C878E2B1EA64BB7,2025-02-25 04:57:29,2025-02-27,Pharmacy,Health,Debit,-23.86,86103.63,USD,Demo High Yield Savings,Savings,Pharmacy,Miami,FL,US,REF20090296,Card,Posted
59914F7884884A31,2025-02-25 12:49:27,2025-02-25,Refund,Refund,Credit,10.16,86113.79,USD,Demo High Yield Savings,Savings,Refund,Boston,MA,US,REF55959309,Card,Posted
B73CBAE9E1EF44D5,2025-02-25 18:53:50,2025-02-27,Transfer In,Transfer,Credit,232.88,86346.67,USD,Demo High Yield Savings,Savings,Transfer In,Seattle,WA,US,REF42026271,Internal,Posted
0264E3D53E664A8B,2025-02-26 01:58:22,2025-02-27,Streaming Service,Entertainment,Debit,-9.77,86336.90,USD,Demo High Yield Savings,Savings,Streaming Service,San Francisco,CA,US,REF84021128,ACH,Pending
D38709B890694168,2025-02-27 16:34:02,2025-03-01,Ride Share,Transport,Debit,-5.46,86331.44,USD,Demo High Yield Savings,Savings,Ride Share,Seattle,WA,US,REF99206059,Card,Posted
2900B38C629C457C,2025-02-27 17:30:25,2025-03-01,Coffee Shop,Food & Drink,Debit,-3.93,86327.51,USD,Demo High Yield Savings,Savings,Coffee Shop,San Francisco,CA,US,REF41111726,POS,Posted
F1D1E573AE4446C0,2025-02-27 23:10:23,2025-02-28,Gas Station,Transport,Debit,-43.72,86283.79,USD,Demo High Yield Savings,Savings,Gas Station,Denver,CO,US,REF38197129,POS,Posted
88858F58D9B44E25,2025-02-27 23:56:28,2025-03-01,Ride Share,Transport,Debit,-23.27,86260.52,USD,Demo High Yield Savings,Savings,Ride Share,New York,NY,US,REF71237433,Card,Posted
905EB998683D4A41,2025-02-28 02:00:09,2025-03-02,Restaurant,Dining,Debit,-7.61,86252.91,USD,Demo High Yield Savings,Savings,Restaurant,Seattle,WA,US,REF73584629,Card,Posted
405E8A448A854A64,2025-02-28 16:11:34,2025-03-02,Electric Utility,Bills,Debit,-20.52,86232.39,USD,Demo High Yield Savings,Savings,Electric Utility,Denver,CO,US,REF70350097,ACH,Posted
14154EED78C147A8,2025-03-01 00:11:14,2025-03-01,Payroll Deposit,Income,Credit,1389.09,87621.48,USD,Demo High Yield Savings,Savings,Payroll Deposit,Austin,TX,US,REF80064547,ACH,Pending
6B95DD79C0DD4CE6,2025-03-01 05:57:28,2025-03-03,Coffee Shop,Food & Drink,Debit,-1.51,87619.97,USD,Demo High Yield Savings,Savings,Coffee Shop,Miami,FL,US,REF19379467,POS,Posted
206AB7F178584E52,2025-03-01 16:42:40,2025-03-01,Gas Station,Transport,Debit,-17.41,87602.56,USD,Demo High Yield Savings,Savings,Gas Station,Miami,FL,US,REF85667851,POS,Pending
835722EF2B764EBE,2025-03-01 18:08:30,2025-03-02,Grocery Market,Groceries,Debit,-21.19,87581.37,USD,Demo High Yield Savings,Savings,Grocery Market,Denver,CO,US,REF95641687,POS,Posted
0A60ADC4EB014631,2025-03-02 04:06:28,2025-03-02,Office Supplies,Operations,Debit,-15.87,87565.50,USD,Demo High Yield Savings,Savings,Office Supplies,San Francisco,CA,US,REF52943014,Card,Posted
0E386D27CFB24B25,2025-03-02 14:48:26,2025-03-02,Gas Station,Transport,Debit,-22.69,87542.81,USD,Demo High Yield Savings,Savings,Gas Station,Miami,FL,US,REF40616453,POS,Posted
84AA0665193344A1,2025-03-02 19:57:23,2025-03-03,Refund,Refund,Credit,39.92,87582.73,USD,Demo High Yield Savings,Savings,Refund,New York,NY,US,REF17774227,Card,Posted
F49EEACF2A734763,2025-03-03 01:28:40,2025-03-05,Mobile Carrier,Bills,Debit,-24.92,87557.81,USD,Demo High Yield Savings,Savings,Mobile Carrier,Austin,TX,US,REF36062717,ACH,Posted
D48823CEF3CC4E6B,2025-03-03 12:52:56,2025-03-03,Restaurant,Dining,Debit,-31.20,87526.61,USD,Demo High Yield Savings,Savings,Restaurant,Seattle,WA,US,REF79555056,Card,Posted
01E9A484B96D452D,2025-03-04 15:42:39,2025-03-05,Mobile Carrier,Bills,Debit,-40.72,87485.89,USD,Demo High Yield Savings,Savings,Mobile Carrier,Seattle,WA,US,REF62060463,ACH,Posted
0135DED0635B4857,2025-03-05 22:26:16,2025-03-07,Coffee Shop,Food & Drink,Debit,-5.11,87480.78,USD,Demo High Yield Savings,Savings,Coffee Shop,Miami,FL,US,REF35657723,POS,Posted
992170F6203E46B1,2025-03-06 03:20:04,2025-03-08,Electric Utility,Bills,Debit,-43.30,87437.48,USD,Demo High Yield Savings,Savings,Electric Utility,San Francisco,CA,US,REF84633131,ACH,Posted
F46F07F7C46D41F3,2025-03-06 06:38:09,2025-03-08,Pharmacy,Health,Debit,-5.91,87431.57,USD,Demo High Yield Savings,Savings,Pharmacy,Austin,TX,US,REF60621065,Card,Posted
C99FC5A5C6184F4A,2025-03-06 16:07:40,2025-03-08,Cloud Hosting,Infrastructure,Debit,-279.10,87152.47,USD,Demo High Yield Savings,Savings,Cloud Hosting,Boston,MA,US,REF84209721,ACH,Posted
911BBE2EFE044BB0,2025-03-06 17:15:49,2025-03-07,Ride Share,Transport,Debit,-6.95,87145.52,USD,Demo High Yield Savings,Savings,Ride Share,San Francisco,CA,US,REF52123474,Card,Posted
564289256DC14EFB,2025-03-06 22:16:38,2025-03-08,Restaurant,Dining,Debit,-46.95,87098.57,USD,Demo High Yield Savings,Savings,Restaurant,Austin,TX,US,REF10382729,Card,Pending
880C8CDF9F6D4260,2025-03-08 04:55:18,2025-03-10,Mobile Carrier,Bills,Debit,-47.72,87050.85,USD,Demo High Yield Savings,Savings,Mobile Carrier,Seattle,WA,US,REF31286722,ACH,Posted
456F31F681054D05,2025-03-08 20:47:38,2025-03-08,Ride Share,Transport,Debit,-34.35,87016.50,USD,Demo High Yield Savings,Savings,Ride Share,Austin,TX,US,REF35559565,Card,Posted
0E21CBABC9914BC2,2025-03-09 11:46:16,2025-03-11,Water Utility,Bills,Debit,-9.25,87007.25,USD,Demo High Yield Savings,Savings,Water Utility,New York,NY,US,REF70381095,ACH,Posted
A725063D66A84FB0,2025-03-09 16:55:33,2025-03-10,Mobile Carrier,Bills,Debit,-30.28,86976.97,USD,Demo High Yield Savings,Savings,Mobile Carrier,Boston,MA,US,REF42404844,ACH,Posted
C5973870173E440D,2025-03-09 23:56:17,2025-03-09,Grocery Market,Groceries,Debit,-45.56,86931.41,USD,Demo High Yield Savings,Savings,Grocery Market,Seattle,WA,US,REF65751363,POS,Posted
6780DBBC9CF6465C,2025-03-10 01:04:19,2025-03-12,Software Subscription,SaaS,Debit,-20.70,86910.71,USD,Demo High Yield Savings,Savings,Software Subscription,Seattle,WA,US,REF87178979,ACH,Posted
E50E46BEE29042C3,2025-03-10 06:26:36,2025-03-10,Software Subscription,SaaS,Debit,-68.55,86842.16,USD,Demo High Yield Savings,Savings,Software Subscription,Boston,MA,US,REF83424609,ACH,Posted
787CB87B023A4A59,2025-03-10 12:13:42,2025-03-11,Restaurant,Dining,Debit,-31.08,86811.08,USD,Demo High Yield Savings,Savings,Restaurant,Chicago,IL,US,REF41214258,Card,Posted
36B6F7B8FB9B4C6C,2025-03-10 23:04:20,2025-03-12,Interest Credit,Interest,Credit,47.52,86858.60,USD,Demo High Yield Savings,Savings,Interest Credit,Boston,MA,US,REF87052803,System,Posted
AC50578A34A84335,2025-03-11 19:59:00,2025-03-12,Client Payment,Revenue,Credit,3506.75,90365.35,USD,Demo High Yield Savings,Savings,Client Payment,Denver,CO,US,REF85507244,Wire,Posted
4BC153DB52F54851,2025-03-12 17:03:21,2025-03-13,Water Utility,Bills,Debit,-50.94,90314.41,USD,Demo High Yield Savings,Savings,Water Utility,Austin,TX,US,REF16727120,ACH,Pending
69E8FE58D3A24736,2025-03-12 22:54:30,2025-03-12,Coffee Shop,Food & Drink,Debit,-5.10,90309.31,USD,Demo High Yield Savings,Savings,Coffee Shop,Austin,TX,US,REF67118172,POS,Posted
2D6D779B10644DDA,2025-03-13 00:23:49,2025-03-14,Refund,Refund,Credit,19.82,90329.13,USD,Demo High Yield Savings,Savings,Refund,Seattle,WA,US,REF96198970,Card,Posted
82013C532B994DCF,2025-03-13 04:30:52,2025-03-13,Electric Utility,Bills,Debit,-105.41,90223.72,USD,Demo High Yield Savings,Savings,Electric Utility,New York,NY,US,REF62479086,ACH,Posted
7F8E1D46585F4F94,2025-03-13 07:32:38,2025-03-14,Interest Credit,Interest,Credit,36.00,90259.72,USD,Demo High Yield Savings,Savings,Interest Credit,Chicago,IL,US,REF11238177,System,Posted
9CA6CFF4C4934B74,2025-03-13 22:30:48,2025-03-13,Ride Share,Transport,Debit,-28.94,90230.78,USD,Demo High Yield Savings,Savings,Ride Share,Austin,TX,US,REF98711501,Card,Posted
B8B5450B43CE451A,2025-03-14 13:17:55,2025-03-14,Client Payment,Revenue,Credit,3304.39,93535.17,USD,Demo High Yield Savings,Savings,Client Payment,New York,NY,US,REF79861397,Wire,Posted
9C85E41AB3564B52,2025-03-14 21:17:48,2025-03-15,Payroll Deposit,Income,Credit,2761.86,96297.03,USD,Demo High Yield Savings,Savings,Payroll Deposit,Austin,TX,US,REF80362430,ACH,Posted
EF8E6370AD5F4703,2025-03-15 09:01:01,2025-03-17,Grocery Market,Groceries,Debit,-38.32,96258.71,USD,Demo High Yield Savings,Savings,Grocery Market,Boston,MA,US,REF29812515,POS,Pending
2738C297655A47FC,2025-03-15 12:36:47,2025-03-16,Insurance Payment,Insurance,Debit,-219.77,96038.94,USD,Demo High Yield Savings,Savings,Insurance Payment,Austin,TX,US,REF43435196,ACH,Posted
AE2DEF8983264D8D,2025-03-16 06:54:56,2025-03-16,Gas Station,Transport,Debit,-20.75,96018.19,USD,Demo High Yield Savings,Savings,Gas Station,Seattle,WA,US,REF70055642,POS,Posted
5902040202B8449D,2025-03-16 20:59:06,2025-03-17,Coffee Shop,Food & Drink,Debit,-4.45,96013.74,USD,Demo High Yield Savings,Savings,Coffee Shop,Denver,CO,US,REF97702160,POS,Pending
41C07D765550494C,2025-03-16 22:21:34,2025-03-17,Gas Station,Transport,Debit,-18.53,95995.21,USD,Demo High Yield Savings,Savings,Gas Station,Boston,MA,US,REF49448235,POS,Posted
5F6D9D60922D4611,2025-03-17 12:37:48,2025-03-18,Client Payment,Revenue,Credit,6448.27,102443.48,USD,Demo High Yield Savings,Savings,Client Payment,San Francisco,CA,US,REF22549007,Wire,Posted
4245110FDC5946C0,2025-03-17 14:06:48,2025-03-17,Insurance Payment,Insurance,Debit,-75.62,102367.86,USD,Demo High Yield Savings,Savings,Insurance Payment,San Francisco,CA,US,REF32878479,ACH,Posted
54B2BA692D614EF1,2025-03-17 18:00:16,2025-03-18,Water Utility,Bills,Debit,-17.83,102350.03,USD,Demo High Yield Savings,Savings,Water Utility,Boston,MA,US,REF56199559,ACH,Posted
D04B486F30404C45,2025-03-18 08:21:12,2025-03-18,Electric Utility,Bills,Debit,-54.42,102295.61,USD,Demo High Yield Savings,Savings,Electric Utility,Miami,FL,US,REF83729641,ACH,Posted
5FA8BC82C1BD475C,2025-03-18 11:20:24,2025-03-20,Transfer In,Transfer,Credit,1003.85,103299.46,USD,Demo High Yield Savings,Savings,Transfer In,Seattle,WA,US,REF49210089,Internal,Posted
C9C0F26989F94BAE,2025-03-18 19:18:24,2025-03-18,Cloud Hosting,Infrastructure,Debit,-135.45,103164.01,USD,Demo High Yield Savings,Savings,Cloud Hosting,Austin,TX,US,REF59221290,ACH,Posted
EFC715F12C7A4CCB,2025-03-18 19:36:58,2025-03-19,Office Supplies,Operations,Debit,-95.57,103068.44,USD,Demo High Yield Savings,Savings,Office Supplies,Miami,FL,US,REF27379520,Card,Posted
1844050A0FCF4D04,2025-03-18 20:09:20,2025-03-18,Water Utility,Bills,Debit,-41.46,103026.98,USD,Demo High Yield Savings,Savings,Water Utility,Boston,MA,US,REF74214057,ACH,Posted
490AA931E2514486,2025-03-18 20:46:25,2025-03-18,Grocery Market,Groceries,Debit,-21.70,103005.28,USD,Demo High Yield Savings,Savings,Grocery Market,Austin,TX,US,REF90014633,POS,Posted
1385F06D6840430C,2025-03-19 11:41:46,2025-03-21,Client Payment,Revenue,Credit,6936.64,109941.92,USD,Demo High Yield Savings,Savings,Client Payment,Denver,CO,US,REF28795756,Wire,Posted
84EFB090F61B4B90,2025-03-19 14:54:47,2025-03-20,Restaurant,Dining,Debit,-47.35,109894.57,USD,Demo High Yield Savings,Savings,Restaurant,New York,NY,US,REF44318479,Card,Pending
3622D1CC54B94E5A,2025-03-19 17:00:58,2025-03-21,Streaming Service,Entertainment,Debit,-7.95,109886.62,USD,Demo High Yield Savings,Savings,Streaming Service,Chicago,IL,US,REF31456491,ACH,Posted
AD06BFBDE11B4D16,2025-03-20 03:44:34,2025-03-22,Electric Utility,Bills,Debit,-79.33,109807.29,USD,Demo High Yield Savings,Savings,Electric Utility,Denver,CO,US,REF54454674,ACH,Posted
106033571BB74672,2025-03-20 09:32:04,2025-03-20,Pharmacy,Health,Debit,-9.24,109798.05,USD,Demo High Yield Savings,Savings,Pharmacy,San Francisco,CA,US,REF68904348,Card,Posted
DBDEFCA3B8874056,2025-03-20 11:49:35,2025-03-22,Online Retailer,Shopping,Debit,-39.39,109758.66,USD,Demo High Yield Savings,Savings,Online Retailer,Boston,MA,US,REF49831784,Online,Posted
96DCE4979FA4451A,2025-03-21 01:16:05,2025-03-22,Water Utility,Bills,Debit,-46.99,109711.67,USD,Demo High Yield Savings,Savings,Water Utility,Chicago,IL,US,REF27673668,ACH,Posted
DA51D9DB9EA54F06,2025-03-21 07:03:34,2025-03-23,Pharmacy,Health,Debit,-8.02,109703.65,USD,Demo High Yield Savings,Savings,Pharmacy,Chicago,IL,US,REF15976158,Card,Posted
5F31E1A649F64345,2025-03-22 09:04:34,2025-03-24,Cloud Hosting,Infrastructure,Debit,-148.86,109554.79,USD,Demo High Yield Savings,Savings,Cloud Hosting,New York,NY,US,REF51908052,ACH,Pending
9ADAF43063C245DB,2025-03-22 14:59:16,2025-03-23,Electric Utility,Bills,Debit,-49.85,109504.94,USD,Demo High Yield Savings,Savings,Electric Utility,Boston,MA,US,REF88537126,ACH,Posted
F817D35C99014E9E,2025-03-22 17:25:55,2025-03-24,Refund,Refund,Credit,69.10,109574.04,USD,Demo High Yield Savings,Savings,Refund,New York,NY,US,REF60181317,Card,Posted
F9998866B3E845B1,2025-03-22 18:13:11,2025-03-24,Office Supplies,Operations,Debit,-73.08,109500.96,USD,Demo High Yield Savings,Savings,Office Supplies,Austin,TX,US,REF32519486,Card,Posted
E9C5C920A85940B5,2025-03-22 19:42:10,2025-03-23,Pharmacy,Health,Debit,-16.80,109484.16,USD,Demo High Yield Savings,Savings,Pharmacy,Miami,FL,US,REF46155999,Card,Posted
09578C83BF864A97,2025-03-22 20:49:44,2025-03-24,Water Utility,Bills,Debit,-33.58,109450.58,USD,Demo High Yield Savings,Savings,Water Utility,Seattle,WA,US,REF14299495,ACH,Pending
3EF855A149E24573,2025-03-23 02:39:44,2025-03-25,Refund,Refund,Credit,11.34,109461.92,USD,Demo High Yield Savings,Savings,Refund,Austin,TX,US,REF44245026,Card,Pending
A5AC2C00061A4D01,2025-03-23 04:57:58,2025-03-23,Software Subscription,SaaS,Debit,-9.46,109452.46,USD,Demo High Yield Savings,Savings,Software Subscription,Denver,CO,US,REF40843108,ACH,Posted
88B8DE38CBD94530,2025-03-23 05:20:01,2025-03-23,Ride Share,Transport,Debit,-10.23,109442.23,USD,Demo High Yield Savings,Savings,Ride Share,New York,NY,US,REF96209085,Card,Posted
AE7F6C979904488B,2025-03-23 11:06:30,2025-03-25,Interest Credit,Interest,Credit,52.79,109495.02,USD,Demo High Yield Savings,Savings,Interest Credit,Boston,MA,US,REF72207767,System,Posted
204A4408EE3E407D,2025-03-23 18:35:57,2025-03-23,Refund,Refund,Credit,18.47,109513.49,USD,Demo High Yield Savings,Savings,Refund,Seattle,WA,US,REF97038284,Card,Posted
D9BEB68B2A914484,2025-03-24 10:46:30,2025-03-26,Payroll Deposit,Income,Credit,3543.68,113057.17,USD,Demo High Yield Savings,Savings,Payroll Deposit,Miami,FL,US,REF62353371,ACH,Pending
2DC15AC7338C45AE,2025-03-24 13:52:33,2025-03-24,Transfer In,Transfer,Credit,133.94,113191.11,USD,Demo High Yield Savings,Savings,Transfer In,Seattle,WA,US,REF99745791,Internal,Posted
52BC2161A6864DAB,2025-03-24 16:47:07,2025-03-24,Water Utility,Bills,Debit,-20.71,113170.40,USD,Demo High Yield Savings,Savings,Water Utility,New York,NY,US,REF66932774,ACH,Pending
BFA52D5CBC504D58,2025-03-25 00:24:07,2025-03-25,Interest Credit,Interest,Credit,73.63,113244.03,USD,Demo High Yield Savings,Savings,Interest Credit,Boston,MA,US,REF52648480,System,Posted
98A7C53DE3B3419E,2025-03-25 09:31:18,2025-03-25,Coffee Shop,Food & Drink,Debit,-2.40,113241.63,USD,Demo High Yield Savings,Savings,Coffee Shop,Chicago,IL,US,REF89600725,POS,Posted
16954EE2B0824F33,2025-03-25 16:10:59,2025-03-26,Ride Share,Transport,Debit,-11.48,113230.15,USD,Demo High Yield Savings,Savings,Ride Share,New York,NY,US,REF54714248,Card,Posted
DEFDA9C3D3124B64,2025-03-25 19:30:59,2025-03-27,Refund,Refund,Credit,79.09,113309.24,USD,Demo High Yield Savings,Savings,Refund,Seattle,WA,US,REF17637396,Card,Pending
6268B3A511064D0F,2025-03-26 01:13:33,2025-03-27,Office Supplies,Operations,Debit,-61.66,113247.58,USD,Demo High Yield Savings,Savings,Office Supplies,New York,NY,US,REF40598413,Card,Pending
AFC06D7336494E6D,2025-03-26 01:51:23,2025-03-28,Online Retailer,Shopping,Debit,-18.55,113229.03,USD,Demo High Yield Savings,Savings,Online Retailer,Boston,MA,US,REF58680988,Online,Posted
5BD3FEAF033143A5,2025-03-26 09:21:06,2025-03-26,Payroll Deposit,Income,Credit,3043.09,116272.12,USD,Demo High Yield Savings,Savings,Payroll Deposit,Seattle,WA,US,REF35803109,ACH,Posted
EA6B75F20D2D4BDA,2025-03-26 15:55:00,2025-03-27,Payroll Deposit,Income,Credit,1610.92,117883.04,USD,Demo High Yield Savings,Savings,Payroll Deposit,Seattle,WA,US,REF69014061,ACH,Pending
40F9DD4A3F8F4FCE,2025-03-27 04:49:06,2025-03-27,Software Subscription,SaaS,Debit,-94.85,117788.19,USD,Demo High Yield Savings,Savings,Software Subscription,Chicago,IL,US,REF57081034,ACH,Posted
F16A9C236D3B4692,2025-03-28 01:06:22,2025-03-29,Coffee Shop,Food & Drink,Debit,-2.11,117786.08,USD,Demo High Yield Savings,Savings,Coffee Shop,San Francisco,CA,US,REF55430797,POS,Posted
AD35AC0E30874283,2025-03-28 02:57:30,2025-03-29,Pharmacy,Health,Debit,-22.84,117763.24,USD,Demo High Yield Savings,Savings,Pharmacy,Austin,TX,US,REF19029034,Card,Posted
52F030C81A3F4BBC,2025-03-28 11:54:16,2025-03-28,Restaurant,Dining,Debit,-23.28,117739.96,USD,Demo High Yield Savings,Savings,Restaurant,Chicago,IL,US,REF52757412,Card,Posted
2E8F99C49AC54DED,2025-03-29 12:13:34,2025-03-31,Gas Station,Transport,Debit,-15.46,117724.50,USD,Demo High Yield Savings,Savings,Gas Station,Austin,TX,US,REF46202434,POS,Pending
E057C393B1C54C90,2025-03-30 07:16:30,2025-03-30,Cloud Hosting,Infrastructure,Debit,-193.61,117530.89,USD,Demo High Yield Savings,Savings,Cloud Hosting,San Francisco,CA,US,REF10366686,ACH,Posted
89763BEF33914B06,2025-03-30 11:39:56,2025-03-30,Client Payment,Revenue,Credit,7050.58,124581.47,USD,Demo High Yield Savings,Savings,Client Payment,Boston,MA,US,REF80400524,Wire,Posted
4D244E3A405F4B0B,2025-03-30 16:10:00,2025-03-31,Pharmacy,Health,Debit,-26.46,124555.01,USD,Demo High Yield Savings,Savings,Pharmacy,Boston,MA,US,REF44635469,Card,Posted
964CAAE3E21B4FBF,2025-04-01 06:36:31,2025-04-03,Pharmacy,Health,Debit,-8.04,124546.97,USD,Demo High Yield Savings,Savings,Pharmacy,San Francisco,CA,US,REF33855089,Card,Pending
8C32FFA605814F59,2025-04-01 12:18:00,2025-04-03,Software Subscription,SaaS,Debit,-41.08,124505.89,USD,Demo High Yield Savings,Savings,Software Subscription,Denver,CO,US,REF23196701,ACH,Pending
C10453A7C2994AA7,2025-04-01 14:32:41,2025-04-01,Cloud Hosting,Infrastructure,Debit,-141.96,124363.93,USD,Demo High Yield Savings,Savings,Cloud Hosting,Denver,CO,US,REF72037075,ACH,Posted
16C7E5A137DA479B,2025-04-01 17:41:12,2025-04-01,Grocery Market,Groceries,Debit,-19.39,124344.54,USD,Demo High Yield Savings,Savings,Grocery Market,Boston,MA,US,REF74406325,POS,Posted
6D8AC5D3BB214837,2025-04-02 07:57:34,2025-04-03,Client Payment,Revenue,Credit,4798.41,129142.95,USD,Demo High Yield Savings,Savings,Client Payment,Miami,FL,US,REF82379607,Wire,Posted
6FFD411538ED4DD9,2025-04-02 08:08:36,2025-04-03,Online Retailer,Shopping,Debit,-68.10,129074.85,USD,Demo High Yield Savings,Savings,Online Retailer,Boston,MA,US,REF36739479,Online,Posted
929B296C1F754761,2025-04-02 09:22:26,2025-04-02,Mobile Carrier,Bills,Debit,-14.99,129059.86,USD,Demo High Yield Savings,Savings,Mobile Carrier,Miami,FL,US,REF24989876,ACH,Posted
09DDBC1E10594E9B,2025-04-02 13:33:21,2025-04-04,Pharmacy,Health,Debit,-20.10,129039.76,USD,Demo High Yield Savings,Savings,Pharmacy,San Francisco,CA,US,REF50475203,Card,Posted
6785A20DED6741B6,2025-04-02 21:36:40,2025-04-04,Grocery Market,Groceries,Debit,-99.60,128940.16,USD,Demo High Yield Savings,Savings,Grocery Market,Austin,TX,US,REF74949433,POS,Posted
FC90FBB21BD84036,2025-04-04 16:25:29,2025-04-06,Online Retailer,Shopping,Debit,-26.98,128913.18,USD,Demo High Yield Savings,Savings,Online Retailer,Boston,MA,US,REF92059030,Online,Posted
7E763847F87E440B,2025-04-04 22:59:41,2025-04-04,Office Supplies,Operations,Debit,-38.51,128874.67,USD,Demo High Yield Savings,Savings,Office Supplies,New York,NY,US,REF91757079,Card,Posted
EFA57A56350D445E,2025-04-05 18:03:40,2025-04-05,Online Retailer,Shopping,Debit,-67.93,128806.74,USD,Demo High Yield Savings,Savings,Online Retailer,San Francisco,CA,US,REF22784092,Online,Posted
28AEB8714DBE4994,2025-04-06 08:32:42,2025-04-06,Insurance Payment,Insurance,Debit,-41.49,128765.25,USD,Demo High Yield Savings,Savings,Insurance Payment,Boston,MA,US,REF10677940,ACH,Pending
DEF7A135D2B74172,2025-04-06 10:37:40,2025-04-06,Software Subscription,SaaS,Debit,-6.24,128759.01,USD,Demo High Yield Savings,Savings,Software Subscription,San Francisco,CA,US,REF71787010,ACH,Posted
B223C86E4BDC48D5,2025-04-06 12:00:19,2025-04-06,Software Subscription,SaaS,Debit,-183.34,128575.67,USD,Demo High Yield Savings,Savings,Software Subscription,Austin,TX,US,REF59465107,ACH,Posted
9514F6A75C7D4C6D,2025-04-06 23:31:18,2025-04-06,Payroll Deposit,Income,Credit,4052.50,132628.17,USD,Demo High Yield Savings,Savings,Payroll Deposit,New York,NY,US,REF38747971,ACH,Posted
C1A118D127DA4057,2025-04-07 02:09:04,2025-04-08,Water Utility,Bills,Debit,-57.19,132570.98,USD,Demo High Yield Savings,Savings,Water Utility,New York,NY,US,REF23453152,ACH,Posted
805FF9A2D40B4436,2025-04-07 19:56:50,2025-04-07,Online Retailer,Shopping,Debit,-64.22,132506.76,USD,Demo High Yield Savings,Savings,Online Retailer,Chicago,IL,US,REF82850150,Online,Posted
590EF5F3B853417A,2025-04-09 13:35:45,2025-04-10,Refund,Refund,Credit,40.88,132547.64,USD,Demo High Yield Savings,Savings,Refund,Denver,CO,US,REF25761044,Card,Pending
B846C017760D4A01,2025-04-09 16:18:22,2025-04-09,Ride Share,Transport,Debit,-13.37,132534.27,USD,Demo High Yield Savings,Savings,Ride Share,Boston,MA,US,REF46152919,Card,Posted
8B2BEAB8A658487A,2025-04-10 06:12:29,2025-04-10,Insurance Payment,Insurance,Debit,-68.85,132465.42,USD,Demo High Yield Savings,Savings,Insurance Payment,Seattle,WA,US,REF58033697,ACH,Posted
E6E1D831C5974AF9,2025-04-10 09:59:32,2025-04-10,Grocery Market,Groceries,Debit,-20.38,132445.04,USD,Demo High Yield Savings,Savings,Grocery Market,Austin,TX,US,REF46186255,POS,Posted
B7E9BC515F4C4606,2025-04-11 00:01:36,2025-04-12,Refund,Refund,Credit,47.54,132492.58,USD,Demo High Yield Savings,Savings,Refund,San Francisco,CA,US,REF80883378,Card,Posted
5D61801DAC1C46AB,2025-04-11 15:07:22,2025-04-12,Insurance Payment,Insurance,Debit,-195.63,132296.95,USD,Demo High Yield Savings,Savings,Insurance Payment,Boston,MA,US,REF63124525,ACH,Posted
2D3746077B474546,2025-04-11 15:47:02,2025-04-13,Pharmacy,Health,Debit,-14.75,132282.20,USD,Demo High Yield Savings,Savings,Pharmacy,Denver,CO,US,REF34996331,Card,Posted
0F3F4D289D394CC0,2025-04-11 19:45:04,2025-04-11,Refund,Refund,Credit,70.38,132352.58,USD,Demo High Yield Savings,Savings,Refund,Seattle,WA,US,REF33988814,Card,Posted
66FA7E81D01E4148,2025-04-12 02:33:32,2025-04-12,Grocery Market,Groceries,Debit,-27.44,132325.14,USD,Demo High Yield Savings,Savings,Grocery Market,Boston,MA,US,REF98131849,POS,Posted
27A52F44ED0144A9,2025-04-12 03:34:37,2025-04-12,Refund,Refund,Credit,50.55,132375.69,USD,Demo High Yield Savings,Savings,Refund,Miami,FL,US,REF88076270,Card,Pending
B60264FE79854DC8,2025-04-12 05:00:09,2025-04-14,Cloud Hosting,Infrastructure,Debit,-123.96,132251.73,USD,Demo High Yield Savings,Savings,Cloud Hosting,Austin,TX,US,REF53289563,ACH,Posted
763EE26CC0D64285,2025-04-12 16:53:45,2025-04-13,Refund,Refund,Credit,68.48,132320.21,USD,Demo High Yield Savings,Savings,Refund,New York,NY,US,REF21544089,Card,Posted
E3E24382F9724611,2025-04-13 02:22:45,2025-04-15,Water Utility,Bills,Debit,-32.09,132288.12,USD,Demo High Yield Savings,Savings,Water Utility,Chicago,IL,US,REF78807596,ACH,Pending
9BD7233208C04BED,2025-04-13 08:08:26,2025-04-15,Refund,Refund,Credit,29.40,132317.52,USD,Demo High Yield Savings,Savings,Refund,New York,NY,US,REF49907513,Card,Posted
88A91FAB705D48FE,2025-04-13 10:08:18,2025-04-13,Online Retailer,Shopping,Debit,-61.73,132255.79,USD,Demo High Yield Savings,Savings,Online Retailer,Austin,TX,US,REF90966708,Online,Pending
3C7D77BAB1154420,2025-04-14 04:19:08,2025-04-16,Payroll Deposit,Income,Credit,2315.58,134571.37,USD,Demo High Yield Savings,Savings,Payroll Deposit,Boston,MA,US,REF78477351,ACH,Posted
C58DCD80A3944264,2025-04-14 08:03:25,2025-04-15,Insurance Payment,Insurance,Debit,-100.79,134470.58,USD,Demo High Yield Savings,Savings,Insurance Payment,Boston,MA,US,REF73960898,ACH,Pending
351658F7B59440D0,2025-04-14 09:51:34,2025-04-14,Insurance Payment,Insurance,Debit,-197.28,134273.30,USD,Demo High Yield Savings,Savings,Insurance Payment,New York,NY,US,REF14767638,ACH,Posted
A0ECC1842D834CC1,2025-04-15 02:05:01,2025-04-16,Pharmacy,Health,Debit,-14.22,134259.08,USD,Demo High Yield Savings,Savings,Pharmacy,Austin,TX,US,REF92959929,Card,Posted
F8B023E65ABA487C,2025-04-15 04:53:33,2025-04-15,Office Supplies,Operations,Debit,-27.77,134231.31,USD,Demo High Yield Savings,Savings,Office Supplies,Chicago,IL,US,REF29053714,Card,Posted
89960D08EE54405D,2025-04-15 11:40:18,2025-04-17,Payroll Deposit,Income,Credit,1482.73,135714.04,USD,Demo High Yield Savings,Savings,Payroll Deposit,Chicago,IL,US,REF77543749,ACH,Posted
B8B27E06954848EC,2025-04-15 13:07:56,2025-04-16,Streaming Service,Entertainment,Debit,-5.26,135708.78,USD,Demo High Yield Savings,Savings,Streaming Service,San Francisco,CA,US,REF11847858,ACH,Pending
37F50F77DAD5496E,2025-04-15 22:26:06,2025-04-15,Water Utility,Bills,Debit,-45.19,135663.59,USD,Demo High Yield Savings,Savings,Water Utility,New York,NY,US,REF55866092,ACH,Posted
ADFF31A329B3411B,2025-04-16 07:13:45,2025-04-16,Cloud Hosting,Infrastructure,Debit,-240.69,135422.90,USD,Demo High Yield Savings,Savings,Cloud Hosting,New York,NY,US,REF58776722,ACH,Pending
708FFC46087A40D1,2025-04-16 09:11:06,2025-04-16,Software Subscription,SaaS,Debit,-17.19,135405.71,USD,Demo High Yield Savings,Savings,Software Subscription,Austin,TX,US,REF19296843,ACH,Posted
21270FCB209D4C03,2025-04-16 23:31:27,2025-04-17,Transfer In,Transfer,Credit,1145.91,136551.62,USD,Demo High Yield Savings,Savings,Transfer In,Boston,MA,US,REF52781724,Internal,Posted
2D5613245030401A,2025-04-17 06:20:22,2025-04-18,Online Retailer,Shopping,Debit,-113.61,136438.01,USD,Demo High Yield Savings,Savings,Online Retailer,Chicago,IL,US,REF60928119,Online,Posted
84349575C45946C5,2025-04-17 18:52:30,2025-04-19,Mobile Carrier,Bills,Debit,-45.29,136392.72,USD,Demo High Yield Savings,Savings,Mobile Carrier,Denver,CO,US,REF28505072,ACH,Posted
744F1CEEBAF94C4F,2025-04-18 00:04:10,2025-04-18,Office Supplies,Operations,Debit,-22.06,136370.66,USD,Demo High Yield Savings,Savings,Office Supplies,Chicago,IL,US,REF72855049,Card,Posted
95D9287329944C11,2025-04-18 03:31:47,2025-04-20,Refund,Refund,Credit,38.21,136408.87,USD,Demo High Yield Savings,Savings,Refund,Denver,CO,US,REF38229673,Card,Posted
5C310F66105343B1,2025-04-20 01:18:36,2025-04-20,Electric Utility,Bills,Debit,-56.51,136352.36,USD,Demo High Yield Savings,Savings,Electric Utility,Boston,MA,US,REF98628961,ACH,Posted
0C1314EFD5C147B0,2025-04-20 03:37:57,2025-04-22,Mobile Carrier,Bills,Debit,-67.89,136284.47,USD,Demo High Yield Savings,Savings,Mobile Carrier,New York,NY,US,REF95912365,ACH,Posted
7DF21C001CC34423,2025-04-21 04:38:35,2025-04-21,Streaming Service,Entertainment,Debit,-5.20,136279.27,USD,Demo High Yield Savings,Savings,Streaming Service,Denver,CO,US,REF19980384,ACH,Posted
93F56C0D442E41BB,2025-04-21 11:07:57,2025-04-21,Mobile Carrier,Bills,Debit,-13.56,136265.71,USD,Demo High Yield Savings,Savings,Mobile Carrier,Austin,TX,US,REF26989313,ACH,Posted
D237E46F850747D9,2025-04-21 14:27:11,2025-04-23,Streaming Service,Entertainment,Debit,-6.72,136258.99,USD,Demo High Yield Savings,Savings,Streaming Service,Miami,FL,US,REF12688078,ACH,Posted
4BE9005D7E634B78,2025-04-22 06:07:36,2025-04-23,Interest Credit,Interest,Credit,73.95,136332.94,USD,Demo High Yield Savings,Savings,Interest Credit,San Francisco,CA,US,REF63836946,System,Posted
7F2660FC01AC47FD,2025-04-22 13:57:38,2025-04-23,Software Subscription,SaaS,Debit,-28.90,136304.04,USD,Demo High Yield Savings,Savings,Software Subscription,Denver,CO,US,REF94976274,ACH,Posted
1F0012C4E0DF4CCD,2025-04-22 18:41:37,2025-04-22,Refund,Refund,Credit,19.54,136323.58,USD,Demo High Yield Savings,Savings,Refund,Austin,TX,US,REF30829470,Card,Posted
B879A56EBF4143FC,2025-04-22 18:44:00,2025-04-24,Transfer In,Transfer,Credit,1090.86,137414.44,USD,Demo High Yield Savings,Savings,Transfer In,Miami,FL,US,REF80474132,Internal,Posted
F2071E00B4204D56,2025-04-22 20:33:23,2025-04-22,Client Payment,Revenue,Credit,3506.37,140920.81,USD,Demo High Yield Savings,Savings,Client Payment,Miami,FL,US,REF92265540,Wire,Pending
A8DE4F46D3E4427C,2025-04-23 07:09:55,2025-04-23,Refund,Refund,Credit,36.00,140956.81,USD,Demo High Yield Savings,Savings,Refund,Denver,CO,US,REF95138411,Card,Pending
BDBE24E7B17548E5,2025-04-23 09:45:17,2025-04-25,Gas Station,Transport,Debit,-16.12,140940.69,USD,Demo High Yield Savings,Savings,Gas Station,Seattle,WA,US,REF49170544,POS,Posted
247B37DDC3E1485D,2025-04-23 10:40:52,2025-04-23,Water Utility,Bills,Debit,-23.10,140917.59,USD,Demo High Yield Savings,Savings,Water Utility,Chicago,IL,US,REF32351968,ACH,Posted
30354E929A2D4519,2025-04-23 19:38:36,2025-04-24,Cloud Hosting,Infrastructure,Debit,-30.72,140886.87,USD,Demo High Yield Savings,Savings,Cloud Hosting,Denver,CO,US,REF88399260,ACH,Posted
845E482B70E24312,2025-04-23 22:05:15,2025-04-24,Online Retailer,Shopping,Debit,-49.77,140837.10,USD,Demo High Yield Savings,Savings,Online Retailer,Austin,TX,US,REF84943752,Online,Pending
166AAE211B4B4BC6,2025-04-23 22:40:05,2025-04-25,Ride Share,Transport,Debit,-11.83,140825.27,USD,Demo High Yield Savings,Savings,Ride Share,San Francisco,CA,US,REF95074507,Card,Posted
DE1F8476D04F49FE,2025-04-24 09:12:34,2025-04-24,Software Subscription,SaaS,Debit,-19.10,140806.17,USD,Demo High Yield Savings,Savings,Software Subscription,Boston,MA,US,REF21135154,ACH,Posted
F2C1D5574B634A90,2025-04-24 13:35:17,2025-04-25,Insurance Payment,Insurance,Debit,-141.22,140664.95,USD,Demo High Yield Savings,Savings,Insurance Payment,Chicago,IL,US,REF61325978,ACH,Posted
4FBDDE83950841E7,2025-04-25 01:47:08,2025-04-25,Electric Utility,Bills,Debit,-105.20,140559.75,USD,Demo High Yield Savings,Savings,Electric Utility,San Francisco,CA,US,REF67003442,ACH,Posted
1EAECEA875B14217,2025-04-25 16:18:17,2025-04-27,Streaming Service,Entertainment,Debit,-13.29,140546.46,USD,Demo High Yield Savings,Savings,Streaming Service,Chicago,IL,US,REF65662309,ACH,Posted
156601C52A2843F0,2025-04-26 00:45:20,2025-04-26,Transfer In,Transfer,Credit,502.96,141049.42,USD,Demo High Yield Savings,Savings,Transfer In,Seattle,WA,US,REF91781029,Internal,Pending
8F1F99201C324E70,2025-04-26 08:11:46,2025-04-28,Refund,Refund,Credit,61.84,141111.26,USD,Demo High Yield Savings,Savings,Refund,Chicago,IL,US,REF72028610,Card,Posted
7B202C146F304351,2025-04-26 16:06:05,2025-04-28,Online Retailer,Shopping,Debit,-111.93,140999.33,USD,Demo High Yield Savings,Savings,Online Retailer,Denver,CO,US,REF68046122,Online,Pending
E502BB716B4F4D61,2025-04-27 01:45:16,2025-04-28,Refund,Refund,Credit,48.24,141047.57,USD,Demo High Yield Savings,Savings,Refund,Austin,TX,US,REF16003970,Card,Posted
4EB0395138F546CB,2025-04-27 14:23:21,2025-04-27,Streaming Service,Entertainment,Debit,-12.16,141035.41,USD,Demo High Yield Savings,Savings,Streaming Service,Chicago,IL,US,REF28826712,ACH,Posted
C1E7BC71B14347C1,2025-04-27 14:53:07,2025-04-27,Interest Credit,Interest,Credit,28.57,141063.98,USD,Demo High Yield Savings,Savings,Interest Credit,Chicago,IL,US,REF68540955,System,Posted
8D13BB8FFA634491,2025-04-27 20:09:51,2025-04-29,Electric Utility,Bills,Debit,-81.14,140982.84,USD,Demo High Yield Savings,Savings,Electric Utility,Miami,FL,US,REF65314483,ACH,Posted
3C8A1E23DC404DCF,2025-04-28 18:31:00,2025-04-29,Transfer In,Transfer,Credit,1334.31,142317.15,USD,Demo High Yield Savings,Savings,Transfer In,Seattle,WA,US,REF78336772,Internal,Posted
26D0B2A2EF7843D0,2025-04-28 21:13:12,2025-04-29,Electric Utility,Bills,Debit,-75.44,142241.71,USD,Demo High Yield Savings,Savings,Electric Utility,San Francisco,CA,US,REF39156896,ACH,Posted
A022C2C560DB440C,2025-04-28 22:52:10,2025-04-29,Client Payment,Revenue,Credit,1916.57,144158.28,USD,Demo High Yield Savings,Savings,Client Payment,Denver,CO,US,REF89761514,Wire,Posted
184476EE80A849B2,2025-04-29 02:15:08,2025-05-01,Software Subscription,SaaS,Debit,-37.14,144121.14,USD,Demo High Yield Savings,Savings,Software Subscription,Seattle,WA,US,REF37963448,ACH,Posted
6A967DBFF158466D,2025-05-01 02:48:23,2025-05-02,Grocery Market,Groceries,Debit,-40.75,144080.39,USD,Demo High Yield Savings,Savings,Grocery Market,Denver,CO,US,REF76096285,POS,Pending
D3DEF07A41C343F7,2025-05-01 09:42:20,2025-05-01,Water Utility,Bills,Debit,-7.97,144072.42,USD,Demo High Yield Savings,Savings,Water Utility,New York,NY,US,REF20664018,ACH,Posted
CE14B32CF0C84AB9,2025-05-01 17:35:09,2025-05-01,Mobile Carrier,Bills,Debit,-53.62,144018.80,USD,Demo High Yield Savings,Savings,Mobile Carrier,San Francisco,CA,US,REF42819076,ACH,Posted
85D8188E8896400F,2025-05-02 03:57:56,2025-05-02,Software Subscription,SaaS,Debit,-192.58,143826.22,USD,Demo High Yield Savings,Savings,Software Subscription,Boston,MA,US,REF18311653,ACH,Posted
54571614039F463B,2025-05-02 21:31:39,2025-05-03,Pharmacy,Health,Debit,-21.66,143804.56,USD,Demo High Yield Savings,Savings,Pharmacy,Denver,CO,US,REF30553823,Card,Pending
37E9A122B88F4881,2025-05-03 22:19:16,2025-05-04,Refund,Refund,Credit,8.24,143812.80,USD,Demo High Yield Savings,Savings,Refund,Boston,MA,US,REF98139894,Card,Pending
096C347D117E4383,2025-05-05 04:43:04,2025-05-05,Ride Share,Transport,Debit,-22.44,143790.36,USD,Demo High Yield Savings,Savings,Ride Share,Boston,MA,US,REF80024539,Card,Posted
57B6E408AC624A4E,2025-05-05 20:26:17,2025-05-07,Coffee Shop,Food & Drink,Debit,-4.00,143786.36,USD,Demo High Yield Savings,Savings,Coffee Shop,San Francisco,CA,US,REF39796682,POS,Posted
E87195EABB2D4077,2025-05-07 01:16:21,2025-05-09,Coffee Shop,Food & Drink,Debit,-4.97,143781.39,USD,Demo High Yield Savings,Savings,Coffee Shop,New York,NY,US,REF40808928,POS,Posted
406E49280A4B4EBD,2025-05-07 06:20:44,2025-05-07,Pharmacy,Health,Debit,-41.20,143740.19,USD,Demo High Yield Savings,Savings,Pharmacy,Denver,CO,US,REF47652279,Card,Posted
7B9A49EE817C41FB,2025-05-07 09:53:43,2025-05-09,Office Supplies,Operations,Debit,-37.21,143702.98,USD,Demo High Yield Savings,Savings,Office Supplies,New York,NY,US,REF17158543,Card,Pending
851CD65497ED448A,2025-05-07 13:14:15,2025-05-08,Interest Credit,Interest,Credit,26.72,143729.70,USD,Demo High Yield Savings,Savings,Interest Credit,San Francisco,CA,US,REF10425250,System,Posted
6B9CE45641764442,2025-05-07 20:08:43,2025-05-09,Client Payment,Revenue,Credit,7972.78,151702.48,USD,Demo High Yield Savings,Savings,Client Payment,Chicago,IL,US,REF39822796,Wire,Posted
333A3B1E172845EF,2025-05-07 21:57:38,2025-05-08,Payroll Deposit,Income,Credit,1842.71,153545.19,USD,Demo High Yield Savings,Savings,Payroll Deposit,Miami,FL,US,REF53872657,ACH,Posted
543CB11A9F7D4AFF,2025-05-08 00:24:49,2025-05-10,Software Subscription,SaaS,Debit,-41.52,153503.67,USD,Demo High Yield Savings,Savings,Software Subscription,San Francisco,CA,US,REF39987280,ACH,Posted
E64D322CB3204B3F,2025-05-08 07:53:11,2025-05-09,Gas Station,Transport,Debit,-18.41,153485.26,USD,Demo High Yield Savings,Savings,Gas Station,Boston,MA,US,REF79174221,POS,Posted
E991061246914316,2025-05-08 08:28:50,2025-05-08,Water Utility,Bills,Debit,-35.36,153449.90,USD,Demo High Yield Savings,Savings,Water Utility,Denver,CO,US,REF31554308,ACH,Posted
53D39F3AFDD74C66,2025-05-08 15:36:30,2025-05-08,Restaurant,Dining,Debit,-42.14,153407.76,USD,Demo High Yield Savings,Savings,Restaurant,Denver,CO,US,REF29911932,Card,Posted
4B566F1E3FB24FEE,2025-05-08 22:37:25,2025-05-10,Streaming Service,Entertainment,Debit,-9.30,153398.46,USD,Demo High Yield Savings,Savings,Streaming Service,Miami,FL,US,REF51922948,ACH,Posted
649A7879EF4B4F5F,2025-05-09 05:12:43,2025-05-11,Electric Utility,Bills,Debit,-46.84,153351.62,USD,Demo High Yield Savings,Savings,Electric Utility,Chicago,IL,US,REF88863503,ACH,Posted
A8404D2EFBD146FB,2025-05-09 11:05:00,2025-05-09,Online Retailer,Shopping,Debit,-45.22,153306.40,USD,Demo High Yield Savings,Savings,Online Retailer,Miami,FL,US,REF68219225,Online,Posted
EDEA40147E4A4649,2025-05-09 23:01:58,2025-05-11,Grocery Market,Groceries,Debit,-14.39,153292.01,USD,Demo High Yield Savings,Savings,Grocery Market,Seattle,WA,US,REF80073291,POS,Posted
BEE570C1623B4AFA,2025-05-10 06:32:01,2025-05-11,Online Retailer,Shopping,Debit,-126.76,153165.25,USD,Demo High Yield Savings,Savings,Online Retailer,Austin,TX,US,REF37696190,Online,Pending
AD56686F4EC34D35,2025-05-10 15:23:21,2025-05-11,Grocery Market,Groceries,Debit,-56.11,153109.14,USD,Demo High Yield Savings,Savings,Grocery Market,Seattle,WA,US,REF27489655,POS,Posted
9E700490491C4E1A,2025-05-10 16:07:56,2025-05-12,Streaming Service,Entertainment,Debit,-6.13,153103.01,USD,Demo High Yield Savings,Savings,Streaming Service,Austin,TX,US,REF96406343,ACH,Posted
22213A36C45A4969,2025-05-11 15:29:59,2025-05-13,Restaurant,Dining,Debit,-22.34,153080.67,USD,Demo High Yield Savings,Savings,Restaurant,Chicago,IL,US,REF16844169,Card,Pending
10CCAD192A904881,2025-05-11 19:04:16,2025-05-11,Cloud Hosting,Infrastructure,Debit,-123.67,152957.00,USD,Demo High Yield Savings,Savings,Cloud Hosting,Boston,MA,US,REF18931707,ACH,Posted
0473E5D8FC084BB8,2025-05-12 01:05:07,2025-05-14,Refund,Refund,Credit,82.30,153039.30,USD,Demo High Yield Savings,Savings,Refund,Chicago,IL,US,REF33032191,Card,Pending
53E22ECB03D34AAD,2025-05-12 08:30:49,2025-05-12,Payroll Deposit,Income,Credit,4078.01,157117.31,USD,Demo High Yield Savings,Savings,Payroll Deposit,Boston,MA,US,REF79077891,ACH,Posted
3FAF80844A55432A,2025-05-12 10:12:20,2025-05-13,Grocery Market,Groceries,Debit,-43.12,157074.19,USD,Demo High Yield Savings,Savings,Grocery Market,Boston,MA,US,REF69799828,POS,Posted
7B8FF5070C8E4D63,2025-05-12 18:20:56,2025-05-14,Electric Utility,Bills,Debit,-115.31,156958.88,USD,Demo High Yield Savings,Savings,Electric Utility,Seattle,WA,US,REF23713785,ACH,Posted
F730A4ED66774F14,2025-05-13 05:42:18,2025-05-15,Client Payment,Revenue,Credit,1956.75,158915.63,USD,Demo High Yield Savings,Savings,Client Payment,Chicago,IL,US,REF67237068,Wire,Posted
CCB02CB9231443F7,2025-05-13 22:28:16,2025-05-13,Mobile Carrier,Bills,Debit,-34.19,158881.44,USD,Demo High Yield Savings,Savings,Mobile Carrier,Miami,FL,US,REF96144415,ACH,Posted
9747CCE474FE4F32,2025-05-14 06:21:56,2025-05-14,Online Retailer,Shopping,Debit,-77.52,158803.92,USD,Demo High Yield Savings,Savings,Online Retailer,San Francisco,CA,US,REF99031467,Online,Posted
726FDEA7B1F943A8,2025-05-14 07:15:03,2025-05-16,Payroll Deposit,Income,Credit,3128.71,161932.63,USD,Demo High Yield Savings,Savings,Payroll Deposit,Austin,TX,US,REF40268764,ACH,Pending
AD8B806CA8854AE5,2025-05-14 10:35:08,2025-05-14,Client Payment,Revenue,Credit,4914.58,166847.21,USD,Demo High Yield Savings,Savings,Client Payment,Austin,TX,US,REF37554949,Wire,Posted
AA1E434E0CBA43A0,2025-05-14 12:12:14,2025-05-15,Refund,Refund,Credit,41.14,166888.35,USD,Demo High Yield Savings,Savings,Refund,Seattle,WA,US,REF22620209,Card,Posted
165103EA792249FA,2025-05-14 15:10:10,2025-05-14,Cloud Hosting,Infrastructure,Debit,-15.33,166873.02,USD,Demo High Yield Savings,Savings,Cloud Hosting,New York,NY,US,REF16439568,ACH,Posted
BB85843EB02E4D65,2025-05-15 22:15:42,2025-05-16,Water Utility,Bills,Debit,-41.66,166831.36,USD,Demo High Yield Savings,Savings,Water Utility,New York,NY,US,REF77422120,ACH,Posted
CD62E4EE52BD415F,2025-05-16 00:33:14,2025-05-16,Cloud Hosting,Infrastructure,Debit,-102.85,166728.51,USD,Demo High Yield Savings,Savings,Cloud Hosting,New York,NY,US,REF67715067,ACH,Posted
847FA3B2341E45F5,2025-05-16 10:20:56,2025-05-16,Transfer In,Transfer,Credit,397.23,167125.74,USD,Demo High Yield Savings,Savings,Transfer In,San Francisco,CA,US,REF20581573,Internal,Posted
231DC87769AA43AD,2025-05-16 16:11:19,2025-05-16,Pharmacy,Health,Debit,-22.38,167103.36,USD,Demo High Yield Savings,Savings,Pharmacy,Seattle,WA,US,REF77573618,Card,Posted
AEB84A549A0E4E1B,2025-05-19 05:30:14,2025-05-20,Coffee Shop,Food & Drink,Debit,-5.67,167097.69,USD,Demo High Yield Savings,Savings,Coffee Shop,San Francisco,CA,US,REF61617675,POS,Posted
D5EB7236B3AA41F0,2025-05-19 21:33:46,2025-05-21,Gas Station,Transport,Debit,-48.24,167049.45,USD,Demo High Yield Savings,Savings,Gas Station,Austin,TX,US,REF98498728,POS,Posted
664A73B66D184F3D,2025-05-20 08:01:44,2025-05-22,Grocery Market,Groceries,Debit,-30.88,167018.57,USD,Demo High Yield Savings,Savings,Grocery Market,Miami,FL,US,REF18745327,POS,Pending
A57BAF52B3F64BE6,2025-05-20 14:08:45,2025-05-21,Cloud Hosting,Infrastructure,Debit,-64.83,166953.74,USD,Demo High Yield Savings,Savings,Cloud Hosting,Chicago,IL,US,REF20219296,ACH,Posted
334DE4BA48914722,2025-05-20 16:52:01,2025-05-22,Electric Utility,Bills,Debit,-18.90,166934.84,USD,Demo High Yield Savings,Savings,Electric Utility,Austin,TX,US,REF30925806,ACH,Posted
C079DFCDF0EF44D9,2025-05-20 18:12:40,2025-05-21,Grocery Market,Groceries,Debit,-34.14,166900.70,USD,Demo High Yield Savings,Savings,Grocery Market,Denver,CO,US,REF42867782,POS,Posted
EED967ABF46F48FA,2025-05-21 00:50:36,2025-05-22,Cloud Hosting,Infrastructure,Debit,-30.91,166869.79,USD,Demo High Yield Savings,Savings,Cloud Hosting,Boston,MA,US,REF74993537,ACH,Posted
54CFFB358E5A4781,2025-05-21 06:11:52,2025-05-21,Payroll Deposit,Income,Credit,3397.32,170267.11,USD,Demo High Yield Savings,Savings,Payroll Deposit,New York,NY,US,REF36287354,ACH,Posted
10B8E33E9EA34A17,2025-05-21 10:48:22,2025-05-22,Restaurant,Dining,Debit,-43.05,170224.06,USD,Demo High Yield Savings,Savings,Restaurant,Seattle,WA,US,REF16318000,Card,Pending
49A8B803F9794BBB,2025-05-21 11:29:44,2025-05-23,Insurance Payment,Insurance,Debit,-220.02,170004.04,USD,Demo High Yield Savings,Savings,Insurance Payment,New York,NY,US,REF80270865,ACH,Posted
910CED48C34944D4,2025-05-21 12:24:44,2025-05-21,Electric Utility,Bills,Debit,-56.58,169947.46,USD,Demo High Yield Savings,Savings,Electric Utility,Miami,FL,US,REF48040286,ACH,Pending
72C8DDC5812849FF,2025-05-21 13:03:16,2025-05-21,Water Utility,Bills,Debit,-17.38,169930.08,USD,Demo High Yield Savings,Savings,Water Utility,Boston,MA,US,REF17998345,ACH,Pending
94D33C438B46407C,2025-05-21 17:52:57,2025-05-23,Coffee Shop,Food & Drink,Debit,-5.56,169924.52,USD,Demo High Yield Savings,Savings,Coffee Shop,Boston,MA,US,REF95901983,POS,Posted
F69FB55DCD444C43,2025-05-22 09:12:02,2025-05-24,Cloud Hosting,Infrastructure,Debit,-143.58,169780.94,USD,Demo High Yield Savings,Savings,Cloud Hosting,Denver,CO,US,REF71072780,ACH,Posted
00238D6A95CC4CC9,2025-05-23 04:17:55,2025-05-23,Cloud Hosting,Infrastructure,Debit,-33.88,169747.06,USD,Demo High Yield Savings,Savings,Cloud Hosting,New York,NY,US,REF97059725,ACH,Posted
05F8E0D33E834857,2025-05-23 09:31:09,2025-05-24,Ride Share,Transport,Debit,-4.52,169742.54,USD,Demo High Yield Savings,Savings,Ride Share,Seattle,WA,US,REF14236689,Card,Posted
0E77EA0B687B4E1C,2025-05-24 10:54:26,2025-05-24,Grocery Market,Groceries,Debit,-46.56,169695.98,USD,Demo High Yield Savings,Savings,Grocery Market,Denver,CO,US,REF64609285,POS,Posted
ADE945A50B6A4A88,2025-05-24 20:37:56,2025-05-25,Grocery Market,Groceries,Debit,-19.62,169676.36,USD,Demo High Yield Savings,Savings,Grocery Market,New York,NY,US,REF25942261,POS,Posted
6CB10598BD654157,2025-05-24 20:49:32,2025-05-25,Insurance Payment,Insurance,Debit,-45.57,169630.79,USD,Demo High Yield Savings,Savings,Insurance Payment,Denver,CO,US,REF75411700,ACH,Posted
50850B41D87B40E6,2025-05-24 22:18:46,2025-05-25,Software Subscription,SaaS,Debit,-46.34,169584.45,USD,Demo High Yield Savings,Savings,Software Subscription,New York,NY,US,REF35242303,ACH,Posted
19B0DE92DBAF4A51,2025-05-25 04:01:20,2025-05-27,Mobile Carrier,Bills,Debit,-79.80,169504.65,USD,Demo High Yield Savings,Savings,Mobile Carrier,Denver,CO,US,REF60293477,ACH,Pending
4011A31CCD0A473A,2025-05-25 09:01:14,2025-05-27,Payroll Deposit,Income,Credit,2017.37,171522.02,USD,Demo High Yield Savings,Savings,Payroll Deposit,New York,NY,US,REF26595059,ACH,Pending
3EBFE2D1B0634878,2025-05-25 11:04:39,2025-05-26,Refund,Refund,Credit,78.87,171600.89,USD,Demo High Yield Savings,Savings,Refund,Seattle,WA,US,REF21382241,Card,Posted
24AEDCA99D584DAB,2025-05-25 19:24:24,2025-05-27,Office Supplies,Operations,Debit,-29.70,171571.19,USD,Demo High Yield Savings,Savings,Office Supplies,New York,NY,US,REF13438797,Card,Posted
9828F4752CE74930,2025-05-26 00:57:22,2025-05-27,Gas Station,Transport,Debit,-35.04,171536.15,USD,Demo High Yield Savings,Savings,Gas Station,Seattle,WA,US,REF68270386,POS,Posted
CC894AABF7B74AA6,2025-05-26 04:53:25,2025-05-26,Mobile Carrier,Bills,Debit,-22.67,171513.48,USD,Demo High Yield Savings,Savings,Mobile Carrier,Austin,TX,US,REF22766765,ACH,Pending
7542358DBED74FFE,2025-05-26 10:11:45,2025-05-26,Transfer In,Transfer,Credit,944.07,172457.55,USD,Demo High Yield Savings,Savings,Transfer In,San Francisco,CA,US,REF23438230,Internal,Posted
847E90C5E8EC4B02,2025-05-26 19:07:46,2025-05-27,Insurance Payment,Insurance,Debit,-86.44,172371.11,USD,Demo High Yield Savings,Savings,Insurance Payment,Austin,TX,US,REF59379352,ACH,Posted
8D5935B40EED4CDF,2025-05-27 12:26:54,2025-05-29,Water Utility,Bills,Debit,-27.64,172343.47,USD,Demo High Yield Savings,Savings,Water Utility,San Francisco,CA,US,REF52096774,ACH,Posted
3850E9F887E8411E,2025-05-28 06:04:33,2025-05-28,Office Supplies,Operations,Debit,-63.65,172279.82,USD,Demo High Yield Savings,Savings,Office Supplies,San Francisco,CA,US,REF27948371,Card,Posted
B0FFEF29F79346F6,2025-05-28 08:38:48,2025-05-28,Pharmacy,Health,Debit,-5.56,172274.26,USD,Demo High Yield Savings,Savings,Pharmacy,New York,NY,US,REF84110122,Card,Posted
DCAB93DA288E40B4,2025-05-28 16:39:50,2025-05-28,Client Payment,Revenue,Credit,4719.87,176994.13,USD,Demo High Yield Savings,Savings,Client Payment,Denver,CO,US,REF78067673,Wire,Pending
BD7A92AF1E0544C1,2025-05-29 09:31:05,2025-05-30,Ride Share,Transport,Debit,-6.91,176987.22,USD,Demo High Yield Savings,Savings,Ride Share,New York,NY,US,REF43482865,Card,Posted
CD69AA3312DA43B3,2025-05-29 15:01:42,2025-05-31,Transfer In,Transfer,Credit,195.15,177182.37,USD,Demo High Yield Savings,Savings,Transfer In,Boston,MA,US,REF36860242,Internal,Posted
AFD9C9F55EE94BA3,2025-05-30 07:14:25,2025-06-01,Refund,Refund,Credit,72.05,177254.42,USD,Demo High Yield Savings,Savings,Refund,Miami,FL,US,REF88726359,Card,Posted
83113CD842104E2C,2025-05-31 05:02:18,2025-06-02,Electric Utility,Bills,Debit,-22.12,177232.30,USD,Demo High Yield Savings,Savings,Electric Utility,Denver,CO,US,REF20310693,ACH,Posted
7634B07284CD4F7D,2025-05-31 11:52:32,2025-06-02,Payroll Deposit,Income,Credit,4001.93,181234.23,USD,Demo High Yield Savings,Savings,Payroll Deposit,Miami,FL,US,REF74351832,ACH,Posted
DFBE9154DA60456F,2025-05-31 19:01:10,2025-06-01,Streaming Service,Entertainment,Debit,-15.62,181218.61,USD,Demo High Yield Savings,Savings,Streaming Service,Austin,TX,US,REF13427288,ACH,Posted
30A6D135D45F48D9,2025-06-01 14:03:42,2025-06-02,Transfer In,Transfer,Credit,288.32,181506.93,USD,Demo High Yield Savings,Savings,Transfer In,New York,NY,US,REF25821079,Internal,Posted
8745420E161C4325,2025-06-01 22:05:22,2025-06-03,Interest Credit,Interest,Credit,13.03,181519.96,USD,Demo High Yield Savings,Savings,Interest Credit,New York,NY,US,REF76384860,System,Posted
C29284CE9D18442B,2025-06-02 05:12:22,2025-06-03,Water Utility,Bills,Debit,-33.48,181486.48,USD,Demo High Yield Savings,Savings,Water Utility,Miami,FL,US,REF68624154,ACH,Posted
72515F8D73834C70,2025-06-02 22:43:13,2025-06-04,Mobile Carrier,Bills,Debit,-43.01,181443.47,USD,Demo High Yield Savings,Savings,Mobile Carrier,Chicago,IL,US,REF40844582,ACH,Posted
B79D5B524C204F53,2025-06-03 00:04:16,2025-06-05,Online Retailer,Shopping,Debit,-112.69,181330.78,USD,Demo High Yield Savings,Savings,Online Retailer,Chicago,IL,US,REF18967731,Online,Posted
B6E94617459F4E32,2025-06-03 04:02:29,2025-06-04,Electric Utility,Bills,Debit,-42.34,181288.44,USD,Demo High Yield Savings,Savings,Electric Utility,New York,NY,US,REF37930832,ACH,Pending
5DBB0E5DAFC047DA,2025-06-03 20:39:58,2025-06-03,Refund,Refund,Credit,75.44,181363.88,USD,Demo High Yield Savings,Savings,Refund,New York,NY,US,REF92758578,Card,Posted
CC46F5EE69DB4691,2025-06-03 21:27:09,2025-06-05,Cloud Hosting,Infrastructure,Debit,-217.39,181146.49,USD,Demo High Yield Savings,Savings,Cloud Hosting,Seattle,WA,US,REF11023114,ACH,Posted
427B829753024F91,2025-06-05 07:01:59,2025-06-05,Software Subscription,SaaS,Debit,-70.27,181076.22,USD,Demo High Yield Savings,Savings,Software Subscription,Austin,TX,US,REF91623020,ACH,Pending
36D109DED4BA4FE9,2025-06-05 17:08:10,2025-06-05,Insurance Payment,Insurance,Debit,-174.00,180902.22,USD,Demo High Yield Savings,Savings,Insurance Payment,Miami,FL,US,REF41291228,ACH,Posted
EBAC6F8385E64B95,2025-06-05 19:32:34,2025-06-05,Mobile Carrier,Bills,Debit,-27.95,180874.27,USD,Demo High Yield Savings,Savings,Mobile Carrier,Austin,TX,US,REF68645850,ACH,Posted
581EFA99441649B3,2025-06-06 00:27:22,2025-06-08,Payroll Deposit,Income,Credit,1954.30,182828.57,USD,Demo High Yield Savings,Savings,Payroll Deposit,Austin,TX,US,REF57005495,ACH,Posted
CCF1DE90498B4185,2025-06-06 20:32:52,2025-06-06,Insurance Payment,Insurance,Debit,-124.57,182704.00,USD,Demo High Yield Savings,Savings,Insurance Payment,Miami,FL,US,REF57747160,ACH,Posted
2B6CCA298EA743F3,2025-06-06 20:39:07,2025-06-08,Payroll Deposit,Income,Credit,3941.64,186645.64,USD,Demo High Yield Savings,Savings,Payroll Deposit,Seattle,WA,US,REF90396559,ACH,Pending
E2146BF2F2E34948,2025-06-06 22:15:10,2025-06-07,Gas Station,Transport,Debit,-21.12,186624.52,USD,Demo High Yield Savings,Savings,Gas Station,Seattle,WA,US,REF29036590,POS,Posted
ED9D788FDDC2492A,2025-06-07 02:20:18,2025-06-08,Refund,Refund,Credit,71.21,186695.73,USD,Demo High Yield Savings,Savings,Refund,Seattle,WA,US,REF37151869,Card,Posted
B67B4F2A80F54212,2025-06-07 10:14:12,2025-06-09,Electric Utility,Bills,Debit,-52.51,186643.22,USD,Demo High Yield Savings,Savings,Electric Utility,Austin,TX,US,REF59597432,ACH,Posted
1C2A069CDD8844A0,2025-06-07 18:42:20,2025-06-08,Client Payment,Revenue,Credit,4664.52,191307.74,USD,Demo High Yield Savings,Savings,Client Payment,San Francisco,CA,US,REF69043624,Wire,Posted
B19E794651704AF9,2025-06-07 20:10:21,2025-06-09,Pharmacy,Health,Debit,-21.49,191286.25,USD,Demo High Yield Savings,Savings,Pharmacy,Chicago,IL,US,REF90411964,Card,Posted
8AED6DD18BCD4A14,2025-06-08 00:22:48,2025-06-09,Transfer In,Transfer,Credit,372.84,191659.09,USD,Demo High Yield Savings,Savings,Transfer In,Boston,MA,US,REF62430988,Internal,Posted
ACC8B47D3A8B4255,2025-06-08 02:27:54,2025-06-10,Online Retailer,Shopping,Debit,-58.12,191600.97,USD,Demo High Yield Savings,Savings,Online Retailer,Chicago,IL,US,REF96380107,Online,Pending
C0B6D47F4A6C4B22,2025-06-08 04:51:22,2025-06-09,Gas Station,Transport,Debit,-25.30,191575.67,USD,Demo High Yield Savings,Savings,Gas Station,Boston,MA,US,REF36898109,POS,Posted
DE81626246F248DC,2025-06-08 13:55:37,2025-06-09,Payroll Deposit,Income,Credit,1210.95,192786.62,USD,Demo High Yield Savings,Savings,Payroll Deposit,Seattle,WA,US,REF12268507,ACH,Pending
C29C427514084488,2025-06-09 04:04:28,2025-06-09,Restaurant,Dining,Debit,-19.84,192766.78,USD,Demo High Yield Savings,Savings,Restaurant,San Francisco,CA,US,REF31448964,Card,Posted
6D9959692EA44E3A,2025-06-09 10:27:55,2025-06-10,Client Payment,Revenue,Credit,3559.25,196326.03,USD,Demo High Yield Savings,Savings,Client Payment,Miami,FL,US,REF13917037,Wire,Posted
C987387A3BDC4187,2025-06-09 16:17:40,2025-06-09,Cloud Hosting,Infrastructure,Debit,-232.07,196093.96,USD,Demo High Yield Savings,Savings,Cloud Hosting,Austin,TX,US,REF40029161,ACH,Posted
3E51A9EE8B954058,2025-06-09 17:48:34,2025-06-09,Transfer In,Transfer,Credit,1021.06,197115.02,USD,Demo High Yield Savings,Savings,Transfer In,Chicago,IL,US,REF23480253,Internal,Pending
0B208F1D91C4454F,2025-06-10 05:59:18,2025-06-10,Refund,Refund,Credit,51.12,197166.14,USD,Demo High Yield Savings,Savings,Refund,Seattle,WA,US,REF57428314,Card,Posted
5AB8A0BC86124E91,2025-06-10 11:12:47,2025-06-10,Streaming Service,Entertainment,Debit,-8.50,197157.64,USD,Demo High Yield Savings,Savings,Streaming Service,New York,NY,US,REF52345697,ACH,Posted
22B04B61C050419E,2025-06-10 16:45:49,2025-06-12,Online Retailer,Shopping,Debit,-48.34,197109.30,USD,Demo High Yield Savings,Savings,Online Retailer,Denver,CO,US,REF98189010,Online,Posted
70C7F1DA5EBD4F83,2025-06-11 07:42:45,2025-06-11,Software Subscription,SaaS,Debit,-19.31,197089.99,USD,Demo High Yield Savings,Savings,Software Subscription,Denver,CO,US,REF91718358,ACH,Posted
2C96D7F7B04948F0,2025-06-11 08:44:05,2025-06-13,Coffee Shop,Food & Drink,Debit,-6.34,197083.65,USD,Demo High Yield Savings,Savings,Coffee Shop,San Francisco,CA,US,REF34459957,POS,Pending
3F473E500CA44898,2025-06-11 14:43:29,2025-06-11,Ride Share,Transport,Debit,-18.18,197065.47,USD,Demo High Yield Savings,Savings,Ride Share,San Francisco,CA,US,REF85818579,Card,Pending
B9A1B000E87E4252,2025-06-11 18:14:28,2025-06-12,Insurance Payment,Insurance,Debit,-64.27,197001.20,USD,Demo High Yield Savings,Savings,Insurance Payment,Chicago,IL,US,REF40799334,ACH,Posted
3D54C161BF49446A,2025-06-12 00:09:57,2025-06-13,Water Utility,Bills,Debit,-20.60,196980.60,USD,Demo High Yield Savings,Savings,Water Utility,San Francisco,CA,US,REF64544291,ACH,Posted
82AC94CB4958460A,2025-06-12 22:53:39,2025-06-13,Restaurant,Dining,Debit,-19.37,196961.23,USD,Demo High Yield Savings,Savings,Restaurant,San Francisco,CA,US,REF25925976,Card,Posted
159A2D5AB53B4682,2025-06-13 06:12:03,2025-06-14,Coffee Shop,Food & Drink,Debit,-5.26,196955.97,USD,Demo High Yield Savings,Savings,Coffee Shop,Miami,FL,US,REF26655437,POS,Pending
3CD4AB16C45945AE,2025-06-13 15:20:38,2025-06-15,Cloud Hosting,Infrastructure,Debit,-132.25,196823.72,USD,Demo High Yield Savings,Savings,Cloud Hosting,New York,NY,US,REF90206794,ACH,Posted
AE950ABB613B41E3,2025-06-13 16:57:07,2025-06-13,Software Subscription,SaaS,Debit,-73.94,196749.78,USD,Demo High Yield Savings,Savings,Software Subscription,San Francisco,CA,US,REF33770928,ACH,Posted
5CFDD88BB7924522,2025-06-13 22:34:32,2025-06-13,Mobile Carrier,Bills,Debit,-64.69,196685.09,USD,Demo High Yield Savings,Savings,Mobile Carrier,Austin,TX,US,REF93466217,ACH,Pending
A97934822E1A4B44,2025-06-14 09:45:50,2025-06-14,Ride Share,Transport,Debit,-24.26,196660.83,USD,Demo High Yield Savings,Savings,Ride Share,Denver,CO,US,REF93464930,Card,Posted
0CB0AF1BB23A4788,2025-06-14 11:42:03,2025-06-15,Cloud Hosting,Infrastructure,Debit,-53.83,196607.00,USD,Demo High Yield Savings,Savings,Cloud Hosting,Chicago,IL,US,REF15620119,ACH,Posted
9AC0915FB3684242,2025-06-14 14:10:43,2025-06-15,Payroll Deposit,Income,Credit,1299.32,197906.32,USD,Demo High Yield Savings,Savings,Payroll Deposit,Denver,CO,US,REF11547478,ACH,Posted
618D16FB28134839,2025-06-15 08:43:20,2025-06-16,Software Subscription,SaaS,Debit,-54.78,197851.54,USD,Demo High Yield Savings,Savings,Software Subscription,Boston,MA,US,REF17332766,ACH,Posted
1F17C69BF451420A,2025-06-15 22:46:27,2025-06-15,Payroll Deposit,Income,Credit,1773.48,199625.02,USD,Demo High Yield Savings,Savings,Payroll Deposit,San Francisco,CA,US,REF59510172,ACH,Posted
A3A2300563FC4476,2025-06-16 07:42:27,2025-06-16,Water Utility,Bills,Debit,-46.06,199578.96,USD,Demo High Yield Savings,Savings,Water Utility,San Francisco,CA,US,REF56651206,ACH,Pending
F750F2772FD44E95,2025-06-16 18:32:26,2025-06-17,Refund,Refund,Credit,28.89,199607.85,USD,Demo High Yield Savings,Savings,Refund,Miami,FL,US,REF32493530,Card,Posted
6B7C7728822041FA,2025-06-16 21:42:38,2025-06-17,Insurance Payment,Insurance,Debit,-108.18,199499.67,USD,Demo High Yield Savings,Savings,Insurance Payment,New York,NY,US,REF85316719,ACH,Posted
2799AC0EBEEF46CE,2025-06-17 05:32:21,2025-06-18,Pharmacy,Health,Debit,-26.48,199473.19,USD,Demo High Yield Savings,Savings,Pharmacy,Miami,FL,US,REF19943990,Card,Posted
F7A14574BA224D7E,2025-06-17 05:47:16,2025-06-19,Refund,Refund,Credit,47.90,199521.09,USD,Demo High Yield Savings,Savings,Refund,Boston,MA,US,REF48212434,Card,Posted
0468047D3EE14575,2025-06-17 09:23:03,2025-06-19,Insurance Payment,Insurance,Debit,-95.42,199425.67,USD,Demo High Yield Savings,Savings,Insurance Payment,Seattle,WA,US,REF78984106,ACH,Posted
28037A20B77F4E05,2025-06-17 09:32:48,2025-06-17,Restaurant,Dining,Debit,-33.04,199392.63,USD,Demo High Yield Savings,Savings,Restaurant,New York,NY,US,REF73683359,Card,Posted
6FF49C14229E491E,2025-06-17 18:24:15,2025-06-19,Refund,Refund,Credit,6.43,199399.06,USD,Demo High Yield Savings,Savings,Refund,Austin,TX,US,REF87277029,Card,Posted
F2B6B1CB306144ED,2025-06-18 03:18:58,2025-06-19,Office Supplies,Operations,Debit,-58.31,199340.75,USD,Demo High Yield Savings,Savings,Office Supplies,Austin,TX,US,REF58128991,Card,Posted
8DBA28EA4F3A4C18,2025-06-18 06:29:36,2025-06-19,Restaurant,Dining,Debit,-7.50,199333.25,USD,Demo High Yield Savings,Savings,Restaurant,New York,NY,US,REF38477668,Card,Posted
4DCC2D641146464B,2025-06-18 09:22:06,2025-06-18,Insurance Payment,Insurance,Debit,-127.81,199205.44,USD,Demo High Yield Savings,Savings,Insurance Payment,Denver,CO,US,REF11189670,ACH,Posted
A6CCB196445A446E,2025-06-19 01:10:42,2025-06-19,Pharmacy,Health,Debit,-16.60,199188.84,USD,Demo High Yield Savings,Savings,Pharmacy,Miami,FL,US,REF75641573,Card,Posted
06DB504677BF4E63,2025-06-19 05:24:52,2025-06-19,Insurance Payment,Insurance,Debit,-80.23,199108.61,USD,Demo High Yield Savings,Savings,Insurance Payment,Denver,CO,US,REF29014547,ACH,Posted
F0CB7EA070B54A93,2025-06-19 20:37:01,2025-06-19,Coffee Shop,Food & Drink,Debit,-3.41,199105.20,USD,Demo High Yield Savings,Savings,Coffee Shop,Seattle,WA,US,REF72727812,POS,Posted
CC36603B4F2249AC,2025-06-19 22:12:57,2025-06-19,Software Subscription,SaaS,Debit,-131.96,198973.24,USD,Demo High Yield Savings,Savings,Software Subscription,Denver,CO,US,REF40726021,ACH,Posted
4BDB6A3FC5724E48,2025-06-20 10:06:02,2025-06-21,Payroll Deposit,Income,Credit,3198.25,202171.49,USD,Demo High Yield Savings,Savings,Payroll Deposit,Chicago,IL,US,REF90542503,ACH,Posted
73FC28A5C7974278,2025-06-20 17:02:08,2025-06-22,Office Supplies,Operations,Debit,-38.53,202132.96,USD,Demo High Yield Savings,Savings,Office Supplies,Austin,TX,US,REF36795548,Card,Pending
107EBC298A664DB0,2025-06-20 21:54:57,2025-06-21,Insurance Payment,Insurance,Debit,-232.84,201900.12,USD,Demo High Yield Savings,Savings,Insurance Payment,San Francisco,CA,US,REF59158124,ACH,Posted
78E6D0A5B37C4B78,2025-06-21 00:15:18,2025-06-21,Grocery Market,Groceries,Debit,-9.27,201890.85,USD,Demo High Yield Savings,Savings,Grocery Market,Seattle,WA,US,REF51489399,POS,Posted
D9B68FBC9ECB46A1,2025-06-21 10:26:04,2025-06-21,Insurance Payment,Insurance,Debit,-39.15,201851.70,USD,Demo High Yield Savings,Savings,Insurance Payment,Chicago,IL,US,REF49453084,ACH,Posted
FDBD96A55AB74653,2025-06-21 13:07:35,2025-06-21,Online Retailer,Shopping,Debit,-61.99,201789.71,USD,Demo High Yield Savings,Savings,Online Retailer,Austin,TX,US,REF95474336,Online,Pending
258C601764D84554,2025-06-22 06:55:46,2025-06-22,Software Subscription,SaaS,Debit,-108.02,201681.69,USD,Demo High Yield Savings,Savings,Software Subscription,Denver,CO,US,REF44846904,ACH,Pending
B433371F16674D59,2025-06-22 07:38:30,2025-06-22,Streaming Service,Entertainment,Debit,-9.59,201672.10,USD,Demo High Yield Savings,Savings,Streaming Service,Denver,CO,US,REF70558903,ACH,Posted
00EC321F7A824AE6,2025-06-22 08:51:48,2025-06-24,Software Subscription,SaaS,Debit,-9.53,201662.57,USD,Demo High Yield Savings,Savings,Software Subscription,New York,NY,US,REF93420414,ACH,Pending
C53F2D0C8B814F7F,2025-06-22 11:30:48,2025-06-22,Client Payment,Revenue,Credit,2548.20,204210.77,USD,Demo High Yield Savings,Savings,Client Payment,Denver,CO,US,REF85488785,Wire,Posted
00676E22B20745BC,2025-06-22 14:50:41,2025-06-24,Streaming Service,Entertainment,Debit,-2.27,204208.50,USD,Demo High Yield Savings,Savings,Streaming Service,Austin,TX,US,REF96228754,ACH,Posted
51E832C5DB37420E,2025-06-22 16:21:47,2025-06-24,Restaurant,Dining,Debit,-46.10,204162.40,USD,Demo High Yield Savings,Savings,Restaurant,Chicago,IL,US,REF66635132,Card,Posted
2A244F88AFED48D5,2025-06-22 18:38:39,2025-06-22,Payroll Deposit,Income,Credit,3416.25,207578.65,USD,Demo High Yield Savings,Savings,Payroll Deposit,Austin,TX,US,REF57641606,ACH,Pending
76159C067EC341AF,2025-06-22 22:37:16,2025-06-22,Client Payment,Revenue,Credit,936.89,208515.54,USD,Demo High Yield Savings,Savings,Client Payment,Miami,FL,US,REF47811007,Wire,Posted
6603DE577FE44F0E,2025-06-23 22:05:12,2025-06-23,Software Subscription,SaaS,Debit,-72.71,208442.83,USD,Demo High Yield Savings,Savings,Software Subscription,Miami,FL,US,REF31896876,ACH,Posted
D09A06879D024E18,2025-06-24 06:28:09,2025-06-24,Cloud Hosting,Infrastructure,Debit,-148.36,208294.47,USD,Demo High Yield Savings,Savings,Cloud Hosting,Seattle,WA,US,REF60831560,ACH,Posted
A27E588677004DA5,2025-06-24 08:02:24,2025-06-25,Client Payment,Revenue,Credit,4333.20,212627.67,USD,Demo High Yield Savings,Savings,Client Payment,Seattle,WA,US,REF32609782,Wire,Pending
0F1089C838B04988,2025-06-24 09:53:34,2025-06-26,Insurance Payment,Insurance,Debit,-112.92,212514.75,USD,Demo High Yield Savings,Savings,Insurance Payment,Denver,CO,US,REF78644309,ACH,Pending
D533708695A54603,2025-06-24 23:23:51,2025-06-26,Mobile Carrier,Bills,Debit,-39.41,212475.34,USD,Demo High Yield Savings,Savings,Mobile Carrier,San Francisco,CA,US,REF12376967,ACH,Pending
36B994CA4B304FAA,2025-06-24 23:53:31,2025-06-26,Online Retailer,Shopping,Debit,-117.03,212358.31,USD,Demo High Yield Savings,Savings,Online Retailer,Miami,FL,US,REF41088690,Online,Posted
5FD737A3A81D4B8B,2025-06-25 13:17:03,2025-06-26,Online Retailer,Shopping,Debit,-68.05,212290.26,USD,Demo High Yield Savings,Savings,Online Retailer,San Francisco,CA,US,REF73082694,Online,Posted
BEEE1C4800F044C0,2025-06-26 05:14:45,2025-06-28,Interest Credit,Interest,Credit,54.93,212345.19,USD,Demo High Yield Savings,Savings,Interest Credit,Austin,TX,US,REF32581930,System,Posted
C49A359FE8EF4505,2025-06-26 07:47:42,2025-06-28,Ride Share,Transport,Debit,-8.27,212336.92,USD,Demo High Yield Savings,Savings,Ride Share,Austin,TX,US,REF80265183,Card,Posted
17EBCFE872854E4B,2025-06-27 07:59:03,2025-06-27,Gas Station,Transport,Debit,-18.12,212318.80,USD,Demo High Yield Savings,Savings,Gas Station,Boston,MA,US,REF30422009,POS,Posted
4C01D61AFF1D4E70,2025-06-27 09:07:00,2025-06-28,Water Utility,Bills,Debit,-30.94,212287.86,USD,Demo High Yield Savings,Savings,Water Utility,San Francisco,CA,US,REF48893851,ACH,Posted
5D61B20EC75E4519,2025-06-27 21:18:23,2025-06-28,Mobile Carrier,Bills,Debit,-36.15,212251.71,USD,Demo High Yield Savings,Savings,Mobile Carrier,Austin,TX,US,REF10387371,ACH,Posted
07AB2133204C485E,2025-06-28 03:17:58,2025-06-29,Insurance Payment,Insurance,Debit,-99.25,212152.46,USD,Demo High Yield Savings,Savings,Insurance Payment,Denver,CO,US,REF20250139,ACH,Posted
079A8992432F41F7,2025-06-28 04:02:56,2025-06-28,Payroll Deposit,Income,Credit,2719.45,214871.91,USD,Demo High Yield Savings,Savings,Payroll Deposit,Boston,MA,US,REF48146203,ACH,Posted
AA4AA930D76A4924,2025-06-28 12:10:56,2025-06-28,Restaurant,Dining,Debit,-60.45,214811.46,USD,Demo High Yield Savings,Savings,Restaurant,Denver,CO,US,REF67465557,Card,Pending
C262A0E1D11E4308,2025-06-28 15:33:42,2025-06-28,Cloud Hosting,Infrastructure,Debit,-49.45,214762.01,USD,Demo High Yield Savings,Savings,Cloud Hosting,Chicago,IL,US,REF75103644,ACH,Pending
33C89ABCFF8149DF,2025-06-28 22:36:55,2025-06-29,Transfer In,Transfer,Credit,238.69,215000.70,USD,Demo High Yield Savings,Savings,Transfer In,Chicago,IL,US,REF16437523,Internal,Posted
4408A039D680415F,2025-06-29 02:14:17,2025-06-29,Payroll Deposit,Income,Credit,3377.94,218378.64,USD,Demo High Yield Savings,Savings,Payroll Deposit,Boston,MA,US,REF88642156,ACH,Posted
829EAF9CA7484974,2025-06-29 03:21:29,2025-07-01,Ride Share,Transport,Debit,-12.62,218366.02,USD,Demo High Yield Savings,Savings,Ride Share,Seattle,WA,US,REF22154988,Card,Posted
B53C21F485CA4EB8,2025-06-30 13:29:56,2025-07-01,Client Payment,Revenue,Credit,4672.61,223038.63,USD,Demo High Yield Savings,Savings,Client Payment,Denver,CO,US,REF72329716,Wire,Pending
A84030EF21744F20,2025-06-30 19:34:32,2025-06-30,Pharmacy,Health,Debit,-17.32,223021.31,USD,Demo High Yield Savings,Savings,Pharmacy,Seattle,WA,US,REF35242818,Card,Posted
0224C2AA88D9442D,2025-07-01 02:46:17,2025-07-03,Payroll Deposit,Income,Credit,3340.84,226362.15,USD,Demo High Yield Savings,Savings,Payroll Deposit,Chicago,IL,US,REF75875378,ACH,Pending
21C3BA2BF706477D,2025-07-01 16:38:49,2025-07-01,Software Subscription,SaaS,Debit,-76.86,226285.29,USD,Demo High Yield Savings,Savings,Software Subscription,Austin,TX,US,REF81252175,ACH,Posted
41C5A2374A754E6B,2025-07-01 23:27:00,2025-07-02,Payroll Deposit,Income,Credit,1768.70,228053.99,USD,Demo High Yield Savings,Savings,Payroll Deposit,New York,NY,US,REF15403110,ACH,Posted
E2A385865C254044,2025-07-02 07:28:45,2025-07-03,Software Subscription,SaaS,Debit,-107.17,227946.82,USD,Demo High Yield Savings,Savings,Software Subscription,Denver,CO,US,REF42776746,ACH,Posted
5FC2FBCCF7F84BC3,2025-07-03 07:04:13,2025-07-05,Mobile Carrier,Bills,Debit,-20.22,227926.60,USD,Demo High Yield Savings,Savings,Mobile Carrier,Denver,CO,US,REF11292919,ACH,Posted
A5C6918BECB44E89,2025-07-03 11:48:48,2025-07-03,Pharmacy,Health,Debit,-10.78,227915.82,USD,Demo High Yield Savings,Savings,Pharmacy,Denver,CO,US,REF58499037,Card,Pending
8D159A6B5D4249FC,2025-07-03 15:40:54,2025-07-05,Electric Utility,Bills,Debit,-47.23,227868.59,USD,Demo High Yield Savings,Savings,Electric Utility,New York,NY,US,REF47103909,ACH,Posted
70CF863EA8854E08,2025-07-03 20:29:28,2025-07-05,Insurance Payment,Insurance,Debit,-32.00,227836.59,USD,Demo High Yield Savings,Savings,Insurance Payment,San Francisco,CA,US,REF93894510,ACH,Posted
F8E5B1B1344B43A4,2025-07-04 07:09:18,2025-07-06,Electric Utility,Bills,Debit,-153.74,227682.85,USD,Demo High Yield Savings,Savings,Electric Utility,San Francisco,CA,US,REF59402605,ACH,Posted
86F27305473E4986,2025-07-04 14:16:33,2025-07-04,Cloud Hosting,Infrastructure,Debit,-207.94,227474.91,USD,Demo High Yield Savings,Savings,Cloud Hosting,Denver,CO,US,REF18116882,ACH,Pending
EF1C7A32CEA3477D,2025-07-04 15:16:32,2025-07-04,Coffee Shop,Food & Drink,Debit,-2.15,227472.76,USD,Demo High Yield Savings,Savings,Coffee Shop,Miami,FL,US,REF63728476,POS,Posted
8AC9A29FFC554D3C,2025-07-05 03:48:59,2025-07-06,Restaurant,Dining,Debit,-45.51,227427.25,USD,Demo High Yield Savings,Savings,Restaurant,Chicago,IL,US,REF20230849,Card,Posted
8A3B71DDF63C4246,2025-07-05 07:29:20,2025-07-07,Office Supplies,Operations,Debit,-31.02,227396.23,USD,Demo High Yield Savings,Savings,Office Supplies,Seattle,WA,US,REF65019311,Card,Posted
AE164DF3CFDA4E91,2025-07-05 08:03:02,2025-07-07,Streaming Service,Entertainment,Debit,-5.06,227391.17,USD,Demo High Yield Savings,Savings,Streaming Service,Boston,MA,US,REF97537746,ACH,Pending
4DAA83E8EA2A4883,2025-07-05 14:37:36,2025-07-05,Insurance Payment,Insurance,Debit,-27.76,227363.41,USD,Demo High Yield Savings,Savings,Insurance Payment,Miami,FL,US,REF86072327,ACH,Posted
836D013FE74C463C,2025-07-05 14:54:04,2025-07-07,Insurance Payment,Insurance,Debit,-105.29,227258.12,USD,Demo High Yield Savings,Savings,Insurance Payment,Miami,FL,US,REF41775718,ACH,Posted
B7BC3B50373E4B96,2025-07-05 17:40:17,2025-07-06,Electric Utility,Bills,Debit,-42.67,227215.45,USD,Demo High Yield Savings,Savings,Electric Utility,San Francisco,CA,US,REF14388084,ACH,Posted
B5C4D7AE5EB34C3B,2025-07-05 22:43:38,2025-07-07,Ride Share,Transport,Debit,-12.60,227202.85,USD,Demo High Yield Savings,Savings,Ride Share,Seattle,WA,US,REF70503600,Card,Posted
3BA347989B6841EF,2025-07-05 23:49:37,2025-07-07,Online Retailer,Shopping,Debit,-48.88,227153.97,USD,Demo High Yield Savings,Savings,Online Retailer,Denver,CO,US,REF61546232,Online,Posted
7C41D10CB86945BD,2025-07-06 00:19:57,2025-07-07,Office Supplies,Operations,Debit,-68.11,227085.86,USD,Demo High Yield Savings,Savings,Office Supplies,Seattle,WA,US,REF65573350,Card,Pending
76A854130CB84E8A,2025-07-07 04:32:22,2025-07-07,Client Payment,Revenue,Credit,3911.85,230997.71,USD,Demo High Yield Savings,Savings,Client Payment,Boston,MA,US,REF60101289,Wire,Posted
FB2937C317354E24,2025-07-07 15:53:00,2025-07-09,Payroll Deposit,Income,Credit,1390.11,232387.82,USD,Demo High Yield Savings,Savings,Payroll Deposit,Austin,TX,US,REF63592929,ACH,Posted
CADCF7792732459A,2025-07-08 10:05:45,2025-07-10,Office Supplies,Operations,Debit,-24.05,232363.77,USD,Demo High Yield Savings,Savings,Office Supplies,Chicago,IL,US,REF49580182,Card,Posted
D5B975790E604412,2025-07-08 19:49:25,2025-07-09,Grocery Market,Groceries,Debit,-23.60,232340.17,USD,Demo High Yield Savings,Savings,Grocery Market,New York,NY,US,REF39050282,POS,Posted
0E31F5BB3FAB4626,2025-07-10 16:38:16,2025-07-11,Online Retailer,Shopping,Debit,-149.60,232190.57,USD,Demo High Yield Savings,Savings,Online Retailer,Miami,FL,US,REF28164926,Online,Posted
5CBF9C4679E945E0,2025-07-10 20:21:26,2025-07-12,Mobile Carrier,Bills,Debit,-27.65,232162.92,USD,Demo High Yield Savings,Savings,Mobile Carrier,Austin,TX,US,REF22881862,ACH,Posted
E729298F12994DC1,2025-07-12 17:01:40,2025-07-13,Electric Utility,Bills,Debit,-46.62,232116.30,USD,Demo High Yield Savings,Savings,Electric Utility,Denver,CO,US,REF14635073,ACH,Posted
5E6F26768140431D,2025-07-12 17:29:59,2025-07-12,Software Subscription,SaaS,Debit,-136.85,231979.45,USD,Demo High Yield Savings,Savings,Software Subscription,Seattle,WA,US,REF40834888,ACH,Posted
64FABBE017324796,2025-07-12 21:55:17,2025-07-14,Electric Utility,Bills,Debit,-33.65,231945.80,USD,Demo High Yield Savings,Savings,Electric Utility,Boston,MA,US,REF68492621,ACH,Posted
A60C0BA1289249E5,2025-07-12 22:50:42,2025-07-14,Software Subscription,SaaS,Debit,-87.39,231858.41,USD,Demo High Yield Savings,Savings,Software Subscription,Seattle,WA,US,REF61284717,ACH,Posted
60D6987874B145F5,2025-07-13 11:06:49,2025-07-14,Gas Station,Transport,Debit,-8.55,231849.86,USD,Demo High Yield Savings,Savings,Gas Station,Boston,MA,US,REF91167742,POS,Pending
2D12A35AAFE0488E,2025-07-13 11:26:40,2025-07-13,Coffee Shop,Food & Drink,Debit,-5.31,231844.55,USD,Demo High Yield Savings,Savings,Coffee Shop,New York,NY,US,REF23187264,POS,Posted
A1473AFAFFE84EF7,2025-07-14 03:02:58,2025-07-14,Office Supplies,Operations,Debit,-16.19,231828.36,USD,Demo High Yield Savings,Savings,Office Supplies,Miami,FL,US,REF21222132,Card,Posted
F518DE9DDDB8424A,2025-07-14 05:42:27,2025-07-16,Pharmacy,Health,Debit,-11.30,231817.06,USD,Demo High Yield Savings,Savings,Pharmacy,Austin,TX,US,REF56681534,Card,Posted
1AF86CF4DD284498,2025-07-14 08:44:10,2025-07-14,Grocery Market,Groceries,Debit,-21.55,231795.51,USD,Demo High Yield Savings,Savings,Grocery Market,Miami,FL,US,REF88400641,POS,Pending
83354CC075C64B9A,2025-07-14 18:52:07,2025-07-14,Transfer In,Transfer,Credit,1378.60,233174.11,USD,Demo High Yield Savings,Savings,Transfer In,San Francisco,CA,US,REF79322944,Internal,Posted
CD84C3D0B82746A1,2025-07-15 04:54:40,2025-07-15,Mobile Carrier,Bills,Debit,-22.95,233151.16,USD,Demo High Yield Savings,Savings,Mobile Carrier,Boston,MA,US,REF63216038,ACH,Posted
4BBC1FD47BD64A60,2025-07-15 10:35:35,2025-07-17,Software Subscription,SaaS,Debit,-32.21,233118.95,USD,Demo High Yield Savings,Savings,Software Subscription,New York,NY,US,REF46770694,ACH,Posted
431F22AC490C431E,2025-07-15 20:57:10,2025-07-16,Grocery Market,Groceries,Debit,-74.78,233044.17,USD,Demo High Yield Savings,Savings,Grocery Market,Miami,FL,US,REF29225877,POS,Posted
FDF74B23160C4EDB,2025-07-15 22:16:11,2025-07-16,Insurance Payment,Insurance,Debit,-61.88,232982.29,USD,Demo High Yield Savings,Savings,Insurance Payment,San Francisco,CA,US,REF40384767,ACH,Posted
AE421F3246584A85,2025-07-16 02:18:03,2025-07-18,Transfer In,Transfer,Credit,505.11,233487.40,USD,Demo High Yield Savings,Savings,Transfer In,New York,NY,US,REF52859035,Internal,Posted
6A67F76E1C744611,2025-07-16 09:01:51,2025-07-18,Payroll Deposit,Income,Credit,4067.14,237554.54,USD,Demo High Yield Savings,Savings,Payroll Deposit,Denver,CO,US,REF35297638,ACH,Posted
3D1907CB0B6042EF,2025-07-16 13:12:36,2025-07-17,Payroll Deposit,Income,Credit,2548.21,240102.75,USD,Demo High Yield Savings,Savings,Payroll Deposit,Denver,CO,US,REF14531191,ACH,Posted
E73DD75A2C2B4622,2025-07-16 19:48:24,2025-07-16,Online Retailer,Shopping,Debit,-94.97,240007.78,USD,Demo High Yield Savings,Savings,Online Retailer,Chicago,IL,US,REF80321416,Online,Posted
C3C558AD04D34EF4,2025-07-17 13:01:55,2025-07-17,Client Payment,Revenue,Credit,9407.86,249415.64,USD,Demo High Yield Savings,Savings,Client Payment,Denver,CO,US,REF94851513,Wire,Posted
E80DBDD4C42D47AA,2025-07-17 14:55:39,2025-07-19,Software Subscription,SaaS,Debit,-29.30,249386.34,USD,Demo High Yield Savings,Savings,Software Subscription,New York,NY,US,REF66786713,ACH,Posted
655C0E4086AD4A97,2025-07-17 17:20:01,2025-07-19,Software Subscription,SaaS,Debit,-81.25,249305.09,USD,Demo High Yield Savings,Savings,Software Subscription,Denver,CO,US,REF45125720,ACH,Posted
94D39E4449224A68,2025-07-17 19:11:50,2025-07-17,Restaurant,Dining,Debit,-52.89,249252.20,USD,Demo High Yield Savings,Savings,Restaurant,Seattle,WA,US,REF84011120,Card,Posted
345DC8F27CF84E38,2025-07-18 09:48:59,2025-07-18,Cloud Hosting,Infrastructure,Debit,-23.03,249229.17,USD,Demo High Yield Savings,Savings,Cloud Hosting,New York,NY,US,REF30960858,ACH,Posted
48BE47ED0DBF4CE7,2025-07-18 10:41:23,2025-07-18,Coffee Shop,Food & Drink,Debit,-1.57,249227.60,USD,Demo High Yield Savings,Savings,Coffee Shop,Austin,TX,US,REF57703861,POS,Posted
5284960632DD43D5,2025-07-18 23:16:45,2025-07-19,Electric Utility,Bills,Debit,-82.32,249145.28,USD,Demo High Yield Savings,Savings,Electric Utility,Chicago,IL,US,REF41501680,ACH,Posted
32B4B7387AAD40A6,2025-07-18 23:20:29,2025-07-19,Insurance Payment,Insurance,Debit,-112.64,249032.64,USD,Demo High Yield Savings,Savings,Insurance Payment,San Francisco,CA,US,REF48298018,ACH,Posted
4342EB53E07240D3,2025-07-19 00:00:14,2025-07-20,Gas Station,Transport,Debit,-11.37,249021.27,USD,Demo High Yield Savings,Savings,Gas Station,Boston,MA,US,REF53838097,POS,Posted
12E2B597BD864B36,2025-07-19 00:37:19,2025-07-19,Payroll Deposit,Income,Credit,3924.33,252945.60,USD,Demo High Yield Savings,Savings,Payroll Deposit,Miami,FL,US,REF57610634,ACH,Posted
0B05E1DD9A274281,2025-07-19 05:22:51,2025-07-21,Water Utility,Bills,Debit,-19.99,252925.61,USD,Demo High Yield Savings,Savings,Water Utility,Boston,MA,US,REF78929583,ACH,Posted
21811EB3E66A4AE1,2025-07-20 01:35:55,2025-07-20,Grocery Market,Groceries,Debit,-28.95,252896.66,USD,Demo High Yield Savings,Savings,Grocery Market,Miami,FL,US,REF71359880,POS,Posted
E6B81C825BC94FA2,2025-07-20 06:22:04,2025-07-20,Cloud Hosting,Infrastructure,Debit,-153.96,252742.70,USD,Demo High Yield Savings,Savings,Cloud Hosting,Austin,TX,US,REF35039993,ACH,Pending
4558858E90C24976,2025-07-20 19:22:34,2025-07-21,Grocery Market,Groceries,Debit,-31.36,252711.34,USD,Demo High Yield Savings,Savings,Grocery Market,Chicago,IL,US,REF48556908,POS,Pending
73312A283D124ECC,2025-07-21 04:25:42,2025-07-21,Software Subscription,SaaS,Debit,-105.69,252605.65,USD,Demo High Yield Savings,Savings,Software Subscription,Miami,FL,US,REF17294228,ACH,Posted
1457398CA3B149D0,2025-07-21 07:36:22,2025-07-23,Office Supplies,Operations,Debit,-35.20,252570.45,USD,Demo High Yield Savings,Savings,Office Supplies,Boston,MA,US,REF95962340,Card,Pending
2F70DD4A1173453F,2025-07-21 09:15:01,2025-07-23,Refund,Refund,Credit,74.23,252644.68,USD,Demo High Yield Savings,Savings,Refund,Denver,CO,US,REF87525357,Card,Pending
0C6E88CAA68E48F2,2025-07-21 09:43:39,2025-07-21,Payroll Deposit,Income,Credit,1809.79,254454.47,USD,Demo High Yield Savings,Savings,Payroll Deposit,Chicago,IL,US,REF87709140,ACH,Posted
5587F3434A4A44B6,2025-07-21 11:19:55,2025-07-21,Office Supplies,Operations,Debit,-107.08,254347.39,USD,Demo High Yield Savings,Savings,Office Supplies,Seattle,WA,US,REF40171534,Card,Posted
10886EA2A034430F,2025-07-21 11:48:34,2025-07-23,Water Utility,Bills,Debit,-23.47,254323.92,USD,Demo High Yield Savings,Savings,Water Utility,Seattle,WA,US,REF63331228,ACH,Posted
738598B9B4CA494B,2025-07-21 13:00:48,2025-07-22,Electric Utility,Bills,Debit,-74.52,254249.40,USD,Demo High Yield Savings,Savings,Electric Utility,Austin,TX,US,REF71322699,ACH,Posted
43B29F7BFF0B4AB0,2025-07-21 15:29:24,2025-07-21,Refund,Refund,Credit,5.64,254255.04,USD,Demo High Yield Savings,Savings,Refund,Denver,CO,US,REF31566119,Card,Posted
C289F27BED28482C,2025-07-22 00:12:42,2025-07-24,Electric Utility,Bills,Debit,-87.15,254167.89,USD,Demo High Yield Savings,Savings,Electric Utility,Denver,CO,US,REF40161549,ACH,Posted
D531C51D93204915,2025-07-22 04:28:14,2025-07-24,Mobile Carrier,Bills,Debit,-24.99,254142.90,USD,Demo High Yield Savings,Savings,Mobile Carrier,Boston,MA,US,REF76566782,ACH,Posted
E3642D214FCC4B56,2025-07-22 11:19:23,2025-07-23,Restaurant,Dining,Debit,-25.49,254117.41,USD,Demo High Yield Savings,Savings,Restaurant,San Francisco,CA,US,REF68864146,Card,Pending
F9BBD31A1D284587,2025-07-22 14:30:32,2025-07-23,Cloud Hosting,Infrastructure,Debit,-170.31,253947.10,USD,Demo High Yield Savings,Savings,Cloud Hosting,Seattle,WA,US,REF47427169,ACH,Posted
B4602373969E4EB8,2025-07-23 15:42:07,2025-07-25,Payroll Deposit,Income,Credit,1950.60,255897.70,USD,Demo High Yield Savings,Savings,Payroll Deposit,Seattle,WA,US,REF82966957,ACH,Posted
FCDC21D6662B4DD3,2025-07-23 22:55:20,2025-07-24,Cloud Hosting,Infrastructure,Debit,-132.06,255765.64,USD,Demo High Yield Savings,Savings,Cloud Hosting,San Francisco,CA,US,REF66686642,ACH,Posted
62AA97A821A9472C,2025-07-25 03:29:34,2025-07-25,Payroll Deposit,Income,Credit,1814.75,257580.39,USD,Demo High Yield Savings,Savings,Payroll Deposit,Miami,FL,US,REF32048331,ACH,Posted
8AAE08725F0F4342,2025-07-25 09:02:59,2025-07-25,Electric Utility,Bills,Debit,-45.74,257534.65,USD,Demo High Yield Savings,Savings,Electric Utility,Seattle,WA,US,REF87509126,ACH,Pending
6176661CC2CC4287,2025-07-26 05:00:23,2025-07-27,Office Supplies,Operations,Debit,-46.93,257487.72,USD,Demo High Yield Savings,Savings,Office Supplies,Denver,CO,US,REF20003633,Card,Posted
E032DA50A18F405E,2025-07-26 15:15:57,2025-07-27,Cloud Hosting,Infrastructure,Debit,-168.31,257319.41,USD,Demo High Yield Savings,Savings,Cloud Hosting,San Francisco,CA,US,REF10302186,ACH,Pending
2581328407714FF7,2025-07-26 16:29:41,2025-07-28,Software Subscription,SaaS,Debit,-103.22,257216.19,USD,Demo High Yield Savings,Savings,Software Subscription,Denver,CO,US,REF64384837,ACH,Posted
7AE91665469C459C,2025-07-27 01:37:19,2025-07-28,Cloud Hosting,Infrastructure,Debit,-30.69,257185.50,USD,Demo High Yield Savings,Savings,Cloud Hosting,Seattle,WA,US,REF39387314,ACH,Posted
9E78A2CC87704758,2025-07-27 09:52:13,2025-07-29,Cloud Hosting,Infrastructure,Debit,-25.23,257160.27,USD,Demo High Yield Savings,Savings,Cloud Hosting,Seattle,WA,US,REF49699466,ACH,Posted
7A64181A6C114373,2025-07-27 13:54:15,2025-07-28,Ride Share,Transport,Debit,-16.86,257143.41,USD,Demo High Yield Savings,Savings,Ride Share,New York,NY,US,REF90259807,Card,Posted
46583C378F8C416E,2025-07-28 05:32:54,2025-07-29,Software Subscription,SaaS,Debit,-4.63,257138.78,USD,Demo High Yield Savings,Savings,Software Subscription,San Francisco,CA,US,REF59325184,ACH,Posted
7A12296289DD46BC,2025-07-28 06:10:52,2025-07-30,Online Retailer,Shopping,Debit,-68.07,257070.71,USD,Demo High Yield Savings,Savings,Online Retailer,San Francisco,CA,US,REF19865211,Online,Posted
9851CF235AC44681,2025-07-28 17:46:55,2025-07-30,Coffee Shop,Food & Drink,Debit,-3.67,257067.04,USD,Demo High Yield Savings,Savings,Coffee Shop,Austin,TX,US,REF13566065,POS,Posted
D129BA8C5DA449CC,2025-07-28 19:17:31,2025-07-30,Mobile Carrier,Bills,Debit,-39.12,257027.92,USD,Demo High Yield Savings,Savings,Mobile Carrier,San Francisco,CA,US,REF96607967,ACH,Posted
E7A4C8C47912408F,2025-07-28 23:02:53,2025-07-29,Software Subscription,SaaS,Debit,-76.10,256951.82,USD,Demo High Yield Savings,Savings,Software Subscription,Austin,TX,US,REF63082648,ACH,Pending
0E10BFACE38246CF,2025-07-29 00:20:39,2025-07-29,Ride Share,Transport,Debit,-20.28,256931.54,USD,Demo High Yield Savings,Savings,Ride Share,San Francisco,CA,US,REF59700276,Card,Posted
29098D26F83D4A05,2025-07-29 09:38:52,2025-07-31,Electric Utility,Bills,Debit,-18.96,256912.58,USD,Demo High Yield Savings,Savings,Electric Utility,Denver,CO,US,REF53309532,ACH,Pending
4A5C855154FB4206,2025-07-29 11:41:19,2025-07-29,Gas Station,Transport,Debit,-22.78,256889.80,USD,Demo High Yield Savings,Savings,Gas Station,Boston,MA,US,REF70709337,POS,Posted
644171317B224F08,2025-07-30 21:08:38,2025-07-30,Coffee Shop,Food & Drink,Debit,-2.15,256887.65,USD,Demo High Yield Savings,Savings,Coffee Shop,Denver,CO,US,REF76047752,POS,Pending
C358D68DB8AD4311,2025-07-31 12:24:19,2025-08-01,Refund,Refund,Credit,43.98,256931.63,USD,Demo High Yield Savings,Savings,Refund,Austin,TX,US,REF12153059,Card,Posted
F823693876B84038,2025-07-31 16:16:15,2025-07-31,Insurance Payment,Insurance,Debit,-93.90,256837.73,USD,Demo High Yield Savings,Savings,Insurance Payment,San Francisco,CA,US,REF62691474,ACH,Pending
0CBA286B626A4A05,2025-07-31 16:28:16,2025-08-02,Transfer In,Transfer,Credit,1468.40,258306.13,USD,Demo High Yield Savings,Savings,Transfer In,Austin,TX,US,REF17658285,Internal,Posted
3626146223264073,2025-08-01 01:00:01,2025-08-01,Transfer In,Transfer,Credit,1248.05,259554.18,USD,Demo High Yield Savings,Savings,Transfer In,Denver,CO,US,REF90523345,Internal,Posted
AE886AF1E1D94E14,2025-08-01 05:26:11,2025-08-01,Office Supplies,Operations,Debit,-79.38,259474.80,USD,Demo High Yield Savings,Savings,Office Supplies,San Francisco,CA,US,REF58998598,Card,Posted
128C23FB1E464E15,2025-08-01 13:24:17,2025-08-01,Streaming Service,Entertainment,Debit,-9.34,259465.46,USD,Demo High Yield Savings,Savings,Streaming Service,Miami,FL,US,REF63078880,ACH,Posted
9444660BE0654262,2025-08-01 21:08:17,2025-08-02,Transfer In,Transfer,Credit,1206.36,260671.82,USD,Demo High Yield Savings,Savings,Transfer In,Miami,FL,US,REF95209019,Internal,Posted
D79B7F2A05374D4E,2025-08-02 02:35:05,2025-08-04,Software Subscription,SaaS,Debit,-75.03,260596.79,USD,Demo High Yield Savings,Savings,Software Subscription,San Francisco,CA,US,REF62783449,ACH,Posted
30FFC32D254741EC,2025-08-02 14:46:28,2025-08-03,Water Utility,Bills,Debit,-16.04,260580.75,USD,Demo High Yield Savings,Savings,Water Utility,Boston,MA,US,REF63537178,ACH,Posted
E61F9FEC59DB4764,2025-08-03 04:20:50,2025-08-04,Coffee Shop,Food & Drink,Debit,-4.07,260576.68,USD,Demo High Yield Savings,Savings,Coffee Shop,Boston,MA,US,REF46255595,POS,Posted
348D2966B3E6455E,2025-08-03 13:26:12,2025-08-05,Ride Share,Transport,Debit,-9.36,260567.32,USD,Demo High Yield Savings,Savings,Ride Share,Austin,TX,US,REF77560003,Card,Posted
37F9449769F14EF5,2025-08-03 16:59:32,2025-08-03,Transfer In,Transfer,Credit,483.81,261051.13,USD,Demo High Yield Savings,Savings,Transfer In,San Francisco,CA,US,REF27305260,Internal,Posted
8B9184B834A04A2B,2025-08-04 05:10:25,2025-08-06,Water Utility,Bills,Debit,-28.38,261022.75,USD,Demo High Yield Savings,Savings,Water Utility,Seattle,WA,US,REF23610361,ACH,Pending
D300365DDC934995,2025-08-04 16:09:36,2025-08-05,Interest Credit,Interest,Credit,9.04,261031.79,USD,Demo High Yield Savings,Savings,Interest Credit,New York,NY,US,REF26212004,System,Pending
F96550E7DA6C4FBF,2025-08-05 06:18:12,2025-08-06,Ride Share,Transport,Debit,-10.56,261021.23,USD,Demo High Yield Savings,Savings,Ride Share,San Francisco,CA,US,REF79607791,Card,Pending
7B1EC73154364558,2025-08-07 09:20:24,2025-08-08,Gas Station,Transport,Debit,-16.38,261004.85,USD,Demo High Yield Savings,Savings,Gas Station,San Francisco,CA,US,REF38277083,POS,Pending
77F86413529D47CE,2025-08-07 12:27:24,2025-08-07,Coffee Shop,Food & Drink,Debit,-2.93,261001.92,USD,Demo High Yield Savings,Savings,Coffee Shop,Miami,FL,US,REF74975404,POS,Posted
045FDE6B46A64313,2025-08-07 12:51:31,2025-08-07,Insurance Payment,Insurance,Debit,-160.97,260840.95,USD,Demo High Yield Savings,Savings,Insurance Payment,Austin,TX,US,REF85928927,ACH,Pending
C62031D7262E4FB3,2025-08-07 14:26:26,2025-08-08,Insurance Payment,Insurance,Debit,-175.80,260665.15,USD,Demo High Yield Savings,Savings,Insurance Payment,Austin,TX,US,REF66494741,ACH,Posted
1A85637749114206,2025-08-07 14:54:20,2025-08-07,Ride Share,Transport,Debit,-12.77,260652.38,USD,Demo High Yield Savings,Savings,Ride Share,Austin,TX,US,REF96343880,Card,Posted
4DBCD5CF31154274,2025-08-07 23:17:09,2025-08-07,Interest Credit,Interest,Credit,33.80,260686.18,USD,Demo High Yield Savings,Savings,Interest Credit,Denver,CO,US,REF52857838,System,Pending
22BA31E8FD31488D,2025-08-08 10:01:08,2025-08-08,Coffee Shop,Food & Drink,Debit,-1.76,260684.42,USD,Demo High Yield Savings,Savings,Coffee Shop,Austin,TX,US,REF95787279,POS,Posted
4B6D367EBAE84C4D,2025-08-08 10:01:11,2025-08-09,Gas Station,Transport,Debit,-37.62,260646.80,USD,Demo High Yield Savings,Savings,Gas Station,Seattle,WA,US,REF89726022,POS,Posted
AADF0A39FDD04136,2025-08-09 01:57:45,2025-08-11,Online Retailer,Shopping,Debit,-30.11,260616.69,USD,Demo High Yield Savings,Savings,Online Retailer,Boston,MA,US,REF20066099,Online,Posted
474461B2728C44D7,2025-08-09 02:43:48,2025-08-11,Coffee Shop,Food & Drink,Debit,-6.82,260609.87,USD,Demo High Yield Savings,Savings,Coffee Shop,Miami,FL,US,REF52734662,POS,Posted
E404A97FE75341A3,2025-08-09 12:36:35,2025-08-09,Ride Share,Transport,Debit,-28.41,260581.46,USD,Demo High Yield Savings,Savings,Ride Share,Boston,MA,US,REF73481972,Card,Posted
37BEB8FF848B46C9,2025-08-09 16:35:11,2025-08-10,Client Payment,Revenue,Credit,6137.40,266718.86,USD,Demo High Yield Savings,Savings,Client Payment,Seattle,WA,US,REF75131857,Wire,Pending
3F3FDF83EB224441,2025-08-10 04:26:30,2025-08-10,Mobile Carrier,Bills,Debit,-17.31,266701.55,USD,Demo High Yield Savings,Savings,Mobile Carrier,Denver,CO,US,REF76016435,ACH,Pending
C835D9A624884B77,2025-08-11 18:55:38,2025-08-12,Online Retailer,Shopping,Debit,-40.50,266661.05,USD,Demo High Yield Savings,Savings,Online Retailer,Miami,FL,US,REF64832587,Online,Pending
3DCAA82E29C24015,2025-08-13 05:18:02,2025-08-14,Transfer In,Transfer,Credit,1017.29,267678.34,USD,Demo High Yield Savings,Savings,Transfer In,Denver,CO,US,REF42781920,Internal,Posted
49FA5DC4D4504C8F,2025-08-13 07:20:36,2025-08-15,Restaurant,Dining,Debit,-24.46,267653.88,USD,Demo High Yield Savings,Savings,Restaurant,Chicago,IL,US,REF12932900,Card,Posted
02FB4554A2944ACD,2025-08-13 08:31:25,2025-08-14,Mobile Carrier,Bills,Debit,-49.89,267603.99,USD,Demo High Yield Savings,Savings,Mobile Carrier,Miami,FL,US,REF65807734,ACH,Posted
2AE19F8F290A486B,2025-08-13 23:09:28,2025-08-15,Pharmacy,Health,Debit,-35.63,267568.36,USD,Demo High Yield Savings,Savings,Pharmacy,Austin,TX,US,REF35363046,Card,Posted
FAAAE030B3D44C90,2025-08-14 01:52:36,2025-08-14,Coffee Shop,Food & Drink,Debit,-0.90,267567.46,USD,Demo High Yield Savings,Savings,Coffee Shop,New York,NY,US,REF67738851,POS,Posted
EFB11892DFC4401B,2025-08-14 03:53:24,2025-08-14,Interest Credit,Interest,Credit,37.94,267605.40,USD,Demo High Yield Savings,Savings,Interest Credit,Miami,FL,US,REF63576791,System,Posted
D6099F5C25264CF0,2025-08-15 00:44:13,2025-08-16,Refund,Refund,Credit,83.69,267689.09,USD,Demo High Yield Savings,Savings,Refund,San Francisco,CA,US,REF85613436,Card,Posted
C735D1E859874EAC,2025-08-16 00:39:02,2025-08-18,Software Subscription,SaaS,Debit,-186.86,267502.23,USD,Demo High Yield Savings,Savings,Software Subscription,Seattle,WA,US,REF24465305,ACH,Posted
F397B1BA79534614,2025-08-16 11:00:07,2025-08-16,Grocery Market,Groceries,Debit,-43.08,267459.15,USD,Demo High Yield Savings,Savings,Grocery Market,Seattle,WA,US,REF78417285,POS,Posted
1222E90E369D48D6,2025-08-16 12:03:59,2025-08-16,Electric Utility,Bills,Debit,-42.95,267416.20,USD,Demo High Yield Savings,Savings,Electric Utility,Chicago,IL,US,REF41531482,ACH,Posted
C13BFC33737C4563,2025-08-16 21:12:54,2025-08-18,Online Retailer,Shopping,Debit,-29.62,267386.58,USD,Demo High Yield Savings,Savings,Online Retailer,San Francisco,CA,US,REF99369812,Online,Posted
D6EEAE38FA31424F,2025-08-17 15:21:45,2025-08-17,Streaming Service,Entertainment,Debit,-4.67,267381.91,USD,Demo High Yield Savings,Savings,Streaming Service,Chicago,IL,US,REF30403362,ACH,Posted
9EFB5FD4BB454D87,2025-08-17 17:20:06,2025-08-18,Transfer In,Transfer,Credit,757.21,268139.12,USD,Demo High Yield Savings,Savings,Transfer In,Chicago,IL,US,REF80168054,Internal,Posted
9CB56737B17043A6,2025-08-18 04:42:44,2025-08-18,Pharmacy,Health,Debit,-3.56,268135.56,USD,Demo High Yield Savings,Savings,Pharmacy,Seattle,WA,US,REF75570300,Card,Posted
F087794C7C684D97,2025-08-19 12:17:48,2025-08-19,Gas Station,Transport,Debit,-10.12,268125.44,USD,Demo High Yield Savings,Savings,Gas Station,Miami,FL,US,REF11762146,POS,Posted
FF748516038A4121,2025-08-20 13:33:13,2025-08-22,Gas Station,Transport,Debit,-16.87,268108.57,USD,Demo High Yield Savings,Savings,Gas Station,Chicago,IL,US,REF67516899,POS,Posted
354DB805A6DF4E84,2025-08-20 13:56:30,2025-08-22,Refund,Refund,Credit,37.10,268145.67,USD,Demo High Yield Savings,Savings,Refund,Miami,FL,US,REF52413505,Card,Posted
D588777F27874EC9,2025-08-21 15:54:41,2025-08-21,Ride Share,Transport,Debit,-4.00,268141.67,USD,Demo High Yield Savings,Savings,Ride Share,Denver,CO,US,REF11395331,Card,Posted
B52A741A18264E3F,2025-08-22 02:20:47,2025-08-22,Interest Credit,Interest,Credit,25.02,268166.69,USD,Demo High Yield Savings,Savings,Interest Credit,Seattle,WA,US,REF55705619,System,Posted
6E37674953874FBF,2025-08-23 05:28:22,2025-08-24,Streaming Service,Entertainment,Debit,-11.13,268155.56,USD,Demo High Yield Savings,Savings,Streaming Service,Chicago,IL,US,REF40704198,ACH,Posted
5DBC3E4FBFCC4F34,2025-08-23 08:00:10,2025-08-24,Mobile Carrier,Bills,Debit,-54.21,268101.35,USD,Demo High Yield Savings,Savings,Mobile Carrier,New York,NY,US,REF78859755,ACH,Posted
B9893B1D212341FA,2025-08-24 02:22:53,2025-08-24,Cloud Hosting,Infrastructure,Debit,-263.49,267837.86,USD,Demo High Yield Savings,Savings,Cloud Hosting,New York,NY,US,REF22558651,ACH,Posted
50AD6D9D9C844D0A,2025-08-24 18:58:40,2025-08-24,Office Supplies,Operations,Debit,-25.77,267812.09,USD,Demo High Yield Savings,Savings,Office Supplies,New York,NY,US,REF63484586,Card,Posted
D87526D5113B4418,2025-08-25 11:21:32,2025-08-26,Water Utility,Bills,Debit,-18.32,267793.77,USD,Demo High Yield Savings,Savings,Water Utility,Seattle,WA,US,REF22108094,ACH,Posted
C19DF85F7DE24DFD,2025-08-25 17:11:24,2025-08-26,Gas Station,Transport,Debit,-28.17,267765.60,USD,Demo High Yield Savings,Savings,Gas Station,Seattle,WA,US,REF77620927,POS,Posted
11CF96A93116492D,2025-08-25 17:48:23,2025-08-27,Interest Credit,Interest,Credit,20.52,267786.12,USD,Demo High Yield Savings,Savings,Interest Credit,San Francisco,CA,US,REF11173934,System,Posted
BBA6976EFC9C4E30,2025-08-25 18:33:11,2025-08-25,Pharmacy,Health,Debit,-10.27,267775.85,USD,Demo High Yield Savings,Savings,Pharmacy,Chicago,IL,US,REF95019446,Card,Posted
DBCCE5B5325C4403,2025-08-25 21:05:22,2025-08-26,Pharmacy,Health,Debit,-22.89,267752.96,USD,Demo High Yield Savings,Savings,Pharmacy,Miami,FL,US,REF24645711,Card,Posted
A9EAF8A7034041F6,2025-08-26 03:52:42,2025-08-26,Gas Station,Transport,Debit,-26.35,267726.61,USD,Demo High Yield Savings,Savings,Gas Station,Denver,CO,US,REF15854522,POS,Posted
3305B8AF2B4F488D,2025-08-27 21:22:46,2025-08-28,Ride Share,Transport,Debit,-23.98,267702.63,USD,Demo High Yield Savings,Savings,Ride Share,New York,NY,US,REF35633440,Card,Pending
5B6B66F7AE5842DD,2025-08-29 01:47:55,2025-08-29,Coffee Shop,Food & Drink,Debit,-4.98,267697.65,USD,Demo High Yield Savings,Savings,Coffee Shop,Boston,MA,US,REF80491768,POS,Posted
974EAB96DDAA4007,2025-08-29 09:46:43,2025-08-31,Water Utility,Bills,Debit,-6.36,267691.29,USD,Demo High Yield Savings,Savings,Water Utility,Austin,TX,US,REF33602309,ACH,Posted
2C5B7C183BFD4279,2025-08-30 03:43:19,2025-09-01,Ride Share,Transport,Debit,-14.32,267676.97,USD,Demo High Yield Savings,Savings,Ride Share,New York,NY,US,REF35756927,Card,Pending
15E4072FD9164D6B,2025-08-30 09:23:09,2025-08-31,Office Supplies,Operations,Debit,-42.03,267634.94,USD,Demo High Yield Savings,Savings,Office Supplies,Denver,CO,US,REF70358769,Card,Posted
D856BC74E4174982,2025-08-30 12:33:45,2025-08-30,Interest Credit,Interest,Credit,68.29,267703.23,USD,Demo High Yield Savings,Savings,Interest Credit,Miami,FL,US,REF74435190,System,Pending
048839F2F7494772,2025-08-31 00:20:26,2025-08-31,Water Utility,Bills,Debit,-15.72,267687.51,USD,Demo High Yield Savings,Savings,Water Utility,San Francisco,CA,US,REF51854524,ACH,Posted
BED966F6D06049DB,2025-08-31 01:17:27,2025-09-02,Payroll Deposit,Income,Credit,1395.53,269083.04,USD,Demo High Yield Savings,Savings,Payroll Deposit,Boston,MA,US,REF45269140,ACH,Posted
D2B20C4A31CA4077,2025-08-31 04:54:21,2025-08-31,Streaming Service,Entertainment,Debit,-7.77,269075.27,USD,Demo High Yield Savings,Savings,Streaming Service,Seattle,WA,US,REF43824764,ACH,Pending
70D4E09852D24C8C,2025-08-31 15:56:59,2025-08-31,Electric Utility,Bills,Debit,-55.62,269019.65,USD,Demo High Yield Savings,Savings,Electric Utility,New York,NY,US,REF96938535,ACH,Posted
577F6F6BC69A476D,2025-08-31 21:05:53,2025-08-31,Electric Utility,Bills,Debit,-56.46,268963.19,USD,Demo High Yield Savings,Savings,Electric Utility,New York,NY,US,REF64120548,ACH,Posted
C83DD010D53D4B01,2025-09-01 15:30:13,2025-09-01,Client Payment,Revenue,Credit,5477.29,274440.48,USD,Demo High Yield Savings,Savings,Client Payment,San Francisco,CA,US,REF94158514,Wire,Posted
BCAF9DB381124988,2025-09-01 21:33:28,2025-09-02,Grocery Market,Groceries,Debit,-33.07,274407.41,USD,Demo High Yield Savings,Savings,Grocery Market,Chicago,IL,US,REF67911411,POS,Posted
54E95576381F4613,2025-09-02 14:06:34,2025-09-02,Software Subscription,SaaS,Debit,-57.50,274349.91,USD,Demo High Yield Savings,Savings,Software Subscription,Denver,CO,US,REF25623801,ACH,Pending
917437E24FC74D4A,2025-09-02 18:06:41,2025-09-03,Gas Station,Transport,Debit,-46.32,274303.59,USD,Demo High Yield Savings,Savings,Gas Station,Denver,CO,US,REF22802899,POS,Posted
CC866E9726724B36,2025-09-03 01:32:27,2025-09-05,Streaming Service,Entertainment,Debit,-3.76,274299.83,USD,Demo High Yield Savings,Savings,Streaming Service,Austin,TX,US,REF57113712,ACH,Pending
5C451ACDC3144EC7,2025-09-03 11:31:19,2025-09-04,Restaurant,Dining,Debit,-35.39,274264.44,USD,Demo High Yield Savings,Savings,Restaurant,Denver,CO,US,REF88816559,Card,Posted
6B6D1AB65D234E32,2025-09-04 01:27:07,2025-09-05,Client Payment,Revenue,Credit,2577.26,276841.70,USD,Demo High Yield Savings,Savings,Client Payment,San Francisco,CA,US,REF76418594,Wire,Posted
1E16E00140D04947,2025-09-04 01:33:13,2025-09-06,Restaurant,Dining,Debit,-50.05,276791.65,USD,Demo High Yield Savings,Savings,Restaurant,Boston,MA,US,REF48105685,Card,Posted
AECC243F1E194B76,2025-09-04 13:26:07,2025-09-06,Insurance Payment,Insurance,Debit,-203.30,276588.35,USD,Demo High Yield Savings,Savings,Insurance Payment,Chicago,IL,US,REF98071212,ACH,Posted
0C0E6AD5ABCA440F,2025-09-05 05:58:21,2025-09-06,Ride Share,Transport,Debit,-10.82,276577.53,USD,Demo High Yield Savings,Savings,Ride Share,San Francisco,CA,US,REF39749644,Card,Posted
76FE094A27324F54,2025-09-05 11:12:40,2025-09-07,Water Utility,Bills,Debit,-38.17,276539.36,USD,Demo High Yield Savings,Savings,Water Utility,Boston,MA,US,REF45273041,ACH,Posted
14DED5B163AF4E9A,2025-09-05 15:38:26,2025-09-07,Coffee Shop,Food & Drink,Debit,-2.83,276536.53,USD,Demo High Yield Savings,Savings,Coffee Shop,New York,NY,US,REF64895832,POS,Posted
DAD3D042BF954EB2,2025-09-05 16:35:54,2025-09-07,Insurance Payment,Insurance,Debit,-51.30,276485.23,USD,Demo High Yield Savings,Savings,Insurance Payment,Seattle,WA,US,REF60423728,ACH,Posted
797B43E771344F63,2025-09-07 08:23:29,2025-09-07,Streaming Service,Entertainment,Debit,-12.95,276472.28,USD,Demo High Yield Savings,Savings,Streaming Service,Denver,CO,US,REF99112118,ACH,Posted
FA03BAF277FE4F65,2025-09-07 19:46:31,2025-09-08,Cloud Hosting,Infrastructure,Debit,-71.67,276400.61,USD,Demo High Yield Savings,Savings,Cloud Hosting,Boston,MA,US,REF18020907,ACH,Posted
9350EC797110498C,2025-09-08 06:50:26,2025-09-09,Grocery Market,Groceries,Debit,-25.95,276374.66,USD,Demo High Yield Savings,Savings,Grocery Market,Seattle,WA,US,REF87265763,POS,Posted
D792D8E0A67B458B,2025-09-08 14:23:03,2025-09-10,Refund,Refund,Credit,39.06,276413.72,USD,Demo High Yield Savings,Savings,Refund,Denver,CO,US,REF49747835,Card,Posted
24E79A8C79A24BC3,2025-09-08 18:15:05,2025-09-08,Transfer In,Transfer,Credit,1273.30,277687.02,USD,Demo High Yield Savings,Savings,Transfer In,Boston,MA,US,REF80250319,Internal,Posted
B2E8E31B79B147B2,2025-09-08 19:06:30,2025-09-09,Mobile Carrier,Bills,Debit,-15.85,277671.17,USD,Demo High Yield Savings,Savings,Mobile Carrier,Boston,MA,US,REF58497553,ACH,Posted
7BBE3A2F123D412C,2025-09-08 22:50:16,2025-09-10,Restaurant,Dining,Debit,-57.59,277613.58,USD,Demo High Yield Savings,Savings,Restaurant,Seattle,WA,US,REF33892421,Card,Posted
0C0B86949F974128,2025-09-09 03:17:37,2025-09-10,Cloud Hosting,Infrastructure,Debit,-92.84,277520.74,USD,Demo High Yield Savings,Savings,Cloud Hosting,Seattle,WA,US,REF72053763,ACH,Posted
E3662CDE9E084E99,2025-09-09 17:39:13,2025-09-11,Coffee Shop,Food & Drink,Debit,-2.46,277518.28,USD,Demo High Yield Savings,Savings,Coffee Shop,San Francisco,CA,US,REF61041690,POS,Posted
AABC4983118A4AD3,2025-09-10 03:05:42,2025-09-11,Ride Share,Transport,Debit,-16.30,277501.98,USD,Demo High Yield Savings,Savings,Ride Share,Denver,CO,US,REF72938222,Card,Posted
D62F6F75713B4BBC,2025-09-10 08:05:55,2025-09-10,Office Supplies,Operations,Debit,-85.76,277416.22,USD,Demo High Yield Savings,Savings,Office Supplies,Chicago,IL,US,REF20612203,Card,Posted
AA015F38F2A04E0A,2025-09-11 14:28:38,2025-09-12,Gas Station,Transport,Debit,-16.96,277399.26,USD,Demo High Yield Savings,Savings,Gas Station,Boston,MA,US,REF28754310,POS,Pending
5CCA6CC46EBA4702,2025-09-11 23:07:21,2025-09-11,Client Payment,Revenue,Credit,5666.03,283065.29,USD,Demo High Yield Savings,Savings,Client Payment,Seattle,WA,US,REF62002811,Wire,Pending
CCEEDAE1C58B4BD8,2025-09-12 03:51:00,2025-09-12,Restaurant,Dining,Debit,-63.52,283001.77,USD,Demo High Yield Savings,Savings,Restaurant,Chicago,IL,US,REF21699448,Card,Pending
62539AF929FF49E3,2025-09-12 09:49:43,2025-09-14,Restaurant,Dining,Debit,-30.07,282971.70,USD,Demo High Yield Savings,Savings,Restaurant,Austin,TX,US,REF21970543,Card,Posted
D02DB43D1C1B45A2,2025-09-12 11:50:44,2025-09-13,Transfer In,Transfer,Credit,1356.77,284328.47,USD,Demo High Yield Savings,Savings,Transfer In,Austin,TX,US,REF59430818,Internal,Posted
4844E7A06BD14487,2025-09-12 17:34:31,2025-09-14,Electric Utility,Bills,Debit,-41.84,284286.63,USD,Demo High Yield Savings,Savings,Electric Utility,New York,NY,US,REF80725487,ACH,Posted
0A8BD0CB54BC4807,2025-09-12 20:11:48,2025-09-13,Streaming Service,Entertainment,Debit,-9.98,284276.65,USD,Demo High Yield Savings,Savings,Streaming Service,New York,NY,US,REF55231541,ACH,Pending
254189962E2F4EA4,2025-09-13 16:39:24,2025-09-14,Mobile Carrier,Bills,Debit,-13.50,284263.15,USD,Demo High Yield Savings,Savings,Mobile Carrier,New York,NY,US,REF60689240,ACH,Posted
C7DB5D9BB8CC47FE,2025-09-14 00:39:38,2025-09-15,Pharmacy,Health,Debit,-8.81,284254.34,USD,Demo High Yield Savings,Savings,Pharmacy,Seattle,WA,US,REF15938855,Card,Posted
1A79BF48DA41441C,2025-09-14 00:49:43,2025-09-14,Refund,Refund,Credit,39.37,284293.71,USD,Demo High Yield Savings,Savings,Refund,Austin,TX,US,REF90139636,Card,Posted
50C7E4EE5157452C,2025-09-14 10:33:23,2025-09-15,Pharmacy,Health,Debit,-7.39,284286.32,USD,Demo High Yield Savings,Savings,Pharmacy,Miami,FL,US,REF33540092,Card,Pending
2AA2D2C3A1724E21,2025-09-15 04:17:39,2025-09-15,Cloud Hosting,Infrastructure,Debit,-49.97,284236.35,USD,Demo High Yield Savings,Savings,Cloud Hosting,Denver,CO,US,REF14800151,ACH,Posted
A34EAA311C17459E,2025-09-15 06:35:19,2025-09-15,Software Subscription,SaaS,Debit,-49.60,284186.75,USD,Demo High Yield Savings,Savings,Software Subscription,Denver,CO,US,REF94640648,ACH,Posted
18E7096FEFCF4340,2025-09-15 13:32:21,2025-09-15,Refund,Refund,Credit,34.58,284221.33,USD,Demo High Yield Savings,Savings,Refund,Miami,FL,US,REF16594707,Card,Pending
F6D6582022D44A5A,2025-09-15 18:51:02,2025-09-17,Cloud Hosting,Infrastructure,Debit,-75.66,284145.67,USD,Demo High Yield Savings,Savings,Cloud Hosting,Chicago,IL,US,REF71019389,ACH,Posted
8A6FD513D2B34B88,2025-09-15 21:49:35,2025-09-15,Office Supplies,Operations,Debit,-41.64,284104.03,USD,Demo High Yield Savings,Savings,Office Supplies,Seattle,WA,US,REF36404306,Card,Pending
97DAE74DE2CA4A2F,2025-09-16 10:50:34,2025-09-17,Ride Share,Transport,Debit,-5.53,284098.50,USD,Demo High Yield Savings,Savings,Ride Share,Chicago,IL,US,REF20140494,Card,Posted
D983D819102843EF,2025-09-17 02:17:35,2025-09-19,Software Subscription,SaaS,Debit,-12.19,284086.31,USD,Demo High Yield Savings,Savings,Software Subscription,Seattle,WA,US,REF43282231,ACH,Posted
E28478E608EB4A8F,2025-09-17 07:58:59,2025-09-17,Coffee Shop,Food & Drink,Debit,-2.44,284083.87,USD,Demo High Yield Savings,Savings,Coffee Shop,Seattle,WA,US,REF99206598,POS,Posted
E1201B021AB94A45,2025-09-17 11:28:59,2025-09-17,Coffee Shop,Food & Drink,Debit,-3.67,284080.20,USD,Demo High Yield Savings,Savings,Coffee Shop,San Francisco,CA,US,REF16284386,POS,Pending
0A2F10F403B34823,2025-09-17 21:33:16,2025-09-17,Ride Share,Transport,Debit,-19.78,284060.42,USD,Demo High Yield Savings,Savings,Ride Share,Denver,CO,US,REF92876094,Card,Pending
80FFCBA0BBB24376,2025-09-18 01:26:28,2025-09-18,Payroll Deposit,Income,Credit,2585.84,286646.26,USD,Demo High Yield Savings,Savings,Payroll Deposit,New York,NY,US,REF40761227,ACH,Posted
69870FA08EB54F76,2025-09-18 02:09:57,2025-09-18,Pharmacy,Health,Debit,-17.27,286628.99,USD,Demo High Yield Savings,Savings,Pharmacy,Denver,CO,US,REF68866156,Card,Posted
22A07214423E40B3,2025-09-18 08:21:56,2025-09-19,Pharmacy,Health,Debit,-5.33,286623.66,USD,Demo High Yield Savings,Savings,Pharmacy,Austin,TX,US,REF32564866,Card,Pending
FB759DB242524FEF,2025-09-18 12:35:49,2025-09-19,Transfer In,Transfer,Credit,480.09,287103.75,USD,Demo High Yield Savings,Savings,Transfer In,Boston,MA,US,REF34704966,Internal,Posted
D570AFE378264473,2025-09-18 13:09:49,2025-09-20,Cloud Hosting,Infrastructure,Debit,-11.91,287091.84,USD,Demo High Yield Savings,Savings,Cloud Hosting,Denver,CO,US,REF58096857,ACH,Posted
2EA947CA7449445A,2025-09-18 13:41:55,2025-09-20,Online Retailer,Shopping,Debit,-51.08,287040.76,USD,Demo High Yield Savings,Savings,Online Retailer,San Francisco,CA,US,REF20073766,Online,Pending
08A6CEE8331A4F81,2025-09-18 15:31:10,2025-09-18,Client Payment,Revenue,Credit,6556.79,293597.55,USD,Demo High Yield Savings,Savings,Client Payment,Seattle,WA,US,REF22692698,Wire,Pending
503E2040BE164E59,2025-09-19 06:03:39,2025-09-19,Ride Share,Transport,Debit,-11.98,293585.57,USD,Demo High Yield Savings,Savings,Ride Share,Austin,TX,US,REF38241705,Card,Posted
2018124763394211,2025-09-20 18:52:33,2025-09-22,Software Subscription,SaaS,Debit,-18.96,293566.61,USD,Demo High Yield Savings,Savings,Software Subscription,Austin,TX,US,REF42405983,ACH,Posted
DB182310988D4DF8,2025-09-21 04:51:09,2025-09-21,Payroll Deposit,Income,Credit,3351.80,296918.41,USD,Demo High Yield Savings,Savings,Payroll Deposit,Seattle,WA,US,REF47889634,ACH,Posted
CCC82B32C3DF4780,2025-09-21 10:48:19,2025-09-23,Pharmacy,Health,Debit,-6.82,296911.59,USD,Demo High Yield Savings,Savings,Pharmacy,Miami,FL,US,REF27456426,Card,Posted
0C9E2310D57A4584,2025-09-21 13:38:25,2025-09-22,Payroll Deposit,Income,Credit,1550.35,298461.94,USD,Demo High Yield Savings,Savings,Payroll Deposit,Seattle,WA,US,REF61967417,ACH,Posted
E7EB9A2893CA4C4D,2025-09-22 08:33:09,2025-09-23,Ride Share,Transport,Debit,-5.60,298456.34,USD,Demo High Yield Savings,Savings,Ride Share,Boston,MA,US,REF46159501,Card,Posted
604A65C55DD14ECD,2025-09-22 09:47:25,2025-09-22,Ride Share,Transport,Debit,-13.44,298442.90,USD,Demo High Yield Savings,Savings,Ride Share,Seattle,WA,US,REF47958563,Card,Posted
3E61D265858F4F29,2025-09-22 20:24:03,2025-09-22,Grocery Market,Groceries,Debit,-36.08,298406.82,USD,Demo High Yield Savings,Savings,Grocery Market,Austin,TX,US,REF63161086,POS,Pending
FA2613658BA0477D,2025-09-23 05:53:17,2025-09-24,Water Utility,Bills,Debit,-33.97,298372.85,USD,Demo High Yield Savings,Savings,Water Utility,San Francisco,CA,US,REF55624499,ACH,Posted
1D1B918CEB364D20,2025-09-23 08:10:24,2025-09-24,Gas Station,Transport,Debit,-24.79,298348.06,USD,Demo High Yield Savings,Savings,Gas Station,New York,NY,US,REF46828381,POS,Posted
90FD5AEA917E4283,2025-09-24 05:04:16,2025-09-25,Insurance Payment,Insurance,Debit,-31.87,298316.19,USD,Demo High Yield Savings,Savings,Insurance Payment,Miami,FL,US,REF10147286,ACH,Pending
3B52762F9E3B4E13,2025-09-24 07:15:36,2025-09-24,Grocery Market,Groceries,Debit,-76.35,298239.84,USD,Demo High Yield Savings,Savings,Grocery Market,San Francisco,CA,US,REF77104727,POS,Posted
FD65AEB986BF4D4C,2025-09-24 07:26:16,2025-09-25,Online Retailer,Shopping,Debit,-75.79,298164.05,USD,Demo High Yield Savings,Savings,Online Retailer,San Francisco,CA,US,REF13251476,Online,Posted
9F51DDB051AC4B4E,2025-09-24 16:39:24,2025-09-25,Gas Station,Transport,Debit,-31.25,298132.80,USD,Demo High Yield Savings,Savings,Gas Station,Miami,FL,US,REF39807813,POS,Pending
EFAA2785DB8349C1,2025-09-25 06:55:37,2025-09-26,Pharmacy,Health,Debit,-8.18,298124.62,USD,Demo High Yield Savings,Savings,Pharmacy,Boston,MA,US,REF39596454,Card,Posted
CB212C8F5C1E4998,2025-09-25 09:09:34,2025-09-26,Transfer In,Transfer,Credit,447.48,298572.10,USD,Demo High Yield Savings,Savings,Transfer In,Boston,MA,US,REF54339337,Internal,Posted
AAAE0BB83A3E47D9,2025-09-25 10:33:05,2025-09-27,Gas Station,Transport,Debit,-46.23,298525.87,USD,Demo High Yield Savings,Savings,Gas Station,New York,NY,US,REF29177565,POS,Pending
61F88CA716F145EC,2025-09-25 20:49:59,2025-09-25,Ride Share,Transport,Debit,-7.03,298518.84,USD,Demo High Yield Savings,Savings,Ride Share,Seattle,WA,US,REF71300688,Card,Posted
A7A2FFC1E28A4192,2025-09-26 13:41:50,2025-09-27,Restaurant,Dining,Debit,-61.57,298457.27,USD,Demo High Yield Savings,Savings,Restaurant,San Francisco,CA,US,REF70196402,Card,Posted
A74F3A9667CC4BA1,2025-09-26 15:08:47,2025-09-28,Client Payment,Revenue,Credit,583.33,299040.60,USD,Demo High Yield Savings,Savings,Client Payment,Boston,MA,US,REF25781760,Wire,Pending
C4AE77B8165D4FD1,2025-09-27 14:38:36,2025-09-27,Payroll Deposit,Income,Credit,3069.72,302110.32,USD,Demo High Yield Savings,Savings,Payroll Deposit,Boston,MA,US,REF18510743,ACH,Posted
47A363A3D6254B50,2025-09-28 10:36:21,2025-09-28,Cloud Hosting,Infrastructure,Debit,-40.62,302069.70,USD,Demo High Yield Savings,Savings,Cloud Hosting,Chicago,IL,US,REF82674616,ACH,Posted
F1622BCD6353499D,2025-09-28 13:13:06,2025-09-29,Grocery Market,Groceries,Debit,-17.00,302052.70,USD,Demo High Yield Savings,Savings,Grocery Market,Chicago,IL,US,REF62369622,POS,Posted
049E37CA3C15424D,2025-09-28 15:29:38,2025-09-30,Grocery Market,Groceries,Debit,-44.47,302008.23,USD,Demo High Yield Savings,Savings,Grocery Market,Chicago,IL,US,REF47072327,POS,Posted
9A3838F4D986457A,2025-09-29 02:37:29,2025-09-30,Pharmacy,Health,Debit,-5.78,302002.45,USD,Demo High Yield Savings,Savings,Pharmacy,Chicago,IL,US,REF46992495,Card,Pending
58FAB977AC674493,2025-09-29 15:04:33,2025-10-01,Software Subscription,SaaS,Debit,-155.26,301847.19,USD,Demo High Yield Savings,Savings,Software Subscription,Seattle,WA,US,REF25747238,ACH,Posted
1EB874010C994DDA,2025-09-30 03:17:14,2025-10-02,Electric Utility,Bills,Debit,-40.52,301806.67,USD,Demo High Yield Savings,Savings,Electric Utility,Boston,MA,US,REF46006180,ACH,Pending
504A2445808A44A2,2025-09-30 05:43:53,2025-10-01,Grocery Market,Groceries,Debit,-35.44,301771.23,USD,Demo High Yield Savings,Savings,Grocery Market,Seattle,WA,US,REF30634593,POS,Pending
FF16DF7EAB49471A,2025-09-30 07:21:17,2025-10-02,Pharmacy,Health,Debit,-22.01,301749.22,USD,Demo High Yield Savings,Savings,Pharmacy,Chicago,IL,US,REF34451823,Card,Pending
00538F99FFD04A92,2025-09-30 12:14:54,2025-10-01,Software Subscription,SaaS,Debit,-88.00,301661.22,USD,Demo High Yield Savings,Savings,Software Subscription,Miami,FL,US,REF70324953,ACH,Posted
69FB79F768DD4EA4,2025-09-30 19:26:10,2025-10-02,Office Supplies,Operations,Debit,-96.59,301564.63,USD,Demo High Yield Savings,Savings,Office Supplies,Miami,FL,US,REF43472531,Card,Posted
DC0D482EC01B410F,2025-09-30 22:32:14,2025-10-02,Insurance Payment,Insurance,Debit,-148.27,301416.36,USD,Demo High Yield Savings,Savings,Insurance Payment,Austin,TX,US,REF63041305,ACH,Pending
8EFD20267D464957,2025-09-30 23:25:15,2025-09-30,Restaurant,Dining,Debit,-14.05,301402.31,USD,Demo High Yield Savings,Savings,Restaurant,Seattle,WA,US,REF94949087,Card,Pending
4B09F28330ED4A60,2025-10-01 00:39:46,2025-10-01,Mobile Carrier,Bills,Debit,-31.28,301371.03,USD,Demo High Yield Savings,Savings,Mobile Carrier,Denver,CO,US,REF41361578,ACH,Posted
D19018B938774339,2025-10-02 06:22:06,2025-10-04,Ride Share,Transport,Debit,-7.38,301363.65,USD,Demo High Yield Savings,Savings,Ride Share,San Francisco,CA,US,REF69149428,Card,Posted
A102C584D6284AAC,2025-10-02 13:18:02,2025-10-02,Streaming Service,Entertainment,Debit,-13.49,301350.16,USD,Demo High Yield Savings,Savings,Streaming Service,Austin,TX,US,REF44665942,ACH,Pending
1FDC5809912D4F53,2025-10-02 14:08:54,2025-10-04,Streaming Service,Entertainment,Debit,-10.45,301339.71,USD,Demo High Yield Savings,Savings,Streaming Service,Austin,TX,US,REF44475383,ACH,Posted
B2C130D31BE140CD,2025-10-03 01:52:52,2025-10-05,Office Supplies,Operations,Debit,-61.76,301277.95,USD,Demo High Yield Savings,Savings,Office Supplies,Boston,MA,US,REF78282676,Card,Posted
F8328CB4B3794123,2025-10-03 03:45:49,2025-10-05,Water Utility,Bills,Debit,-29.63,301248.32,USD,Demo High Yield Savings,Savings,Water Utility,Austin,TX,US,REF49320837,ACH,Pending
0630DAABC0824581,2025-10-03 16:40:37,2025-10-04,Cloud Hosting,Infrastructure,Debit,-107.01,301141.31,USD,Demo High Yield Savings,Savings,Cloud Hosting,Austin,TX,US,REF83365847,ACH,Pending
5DBDD0BDC71C4109,2025-10-03 23:51:53,2025-10-03,Cloud Hosting,Infrastructure,Debit,-119.65,301021.66,USD,Demo High Yield Savings,Savings,Cloud Hosting,Denver,CO,US,REF22137642,ACH,Pending
D5526F1919854529,2025-10-04 06:20:35,2025-10-05,Electric Utility,Bills,Debit,-46.11,300975.55,USD,Demo High Yield Savings,Savings,Electric Utility,Chicago,IL,US,REF72146491,ACH,Pending
C0F513C45DF34E8A,2025-10-04 11:39:42,2025-10-06,Water Utility,Bills,Debit,-32.92,300942.63,USD,Demo High Yield Savings,Savings,Water Utility,Seattle,WA,US,REF86670472,ACH,Posted
D9FC47F4939E4002,2025-10-04 20:53:47,2025-10-04,Cloud Hosting,Infrastructure,Debit,-269.38,300673.25,USD,Demo High Yield Savings,Savings,Cloud Hosting,San Francisco,CA,US,REF63197220,ACH,Posted
D7B0426B1A9C495F,2025-10-05 09:21:36,2025-10-06,Ride Share,Transport,Debit,-6.99,300666.26,USD,Demo High Yield Savings,Savings,Ride Share,Austin,TX,US,REF43623322,Card,Posted
833A3C6916984E83,2025-10-05 13:24:18,2025-10-07,Pharmacy,Health,Debit,-11.59,300654.67,USD,Demo High Yield Savings,Savings,Pharmacy,Boston,MA,US,REF23317762,Card,Posted
487C40FBD53549C6,2025-10-05 13:33:48,2025-10-06,Insurance Payment,Insurance,Debit,-49.36,300605.31,USD,Demo High Yield Savings,Savings,Insurance Payment,Seattle,WA,US,REF33742466,ACH,Posted
5E158C7A751C4563,2025-10-05 18:12:44,2025-10-05,Online Retailer,Shopping,Debit,-19.71,300585.60,USD,Demo High Yield Savings,Savings,Online Retailer,Seattle,WA,US,REF40563463,Online,Posted
D8B77DF191FA4CFF,2025-10-05 19:58:09,2025-10-05,Interest Credit,Interest,Credit,65.57,300651.17,USD,Demo High Yield Savings,Savings,Interest Credit,Boston,MA,US,REF53449866,System,Pending
76204928278947F1,2025-10-06 14:20:54,2025-10-08,Grocery Market,Groceries,Debit,-22.68,300628.49,USD,Demo High Yield Savings,Savings,Grocery Market,San Francisco,CA,US,REF66840903,POS,Posted
00CA5D25B6904638,2025-10-07 04:38:42,2025-10-09,Refund,Refund,Credit,44.29,300672.78,USD,Demo High Yield Savings,Savings,Refund,Miami,FL,US,REF20281598,Card,Posted
0DD461013F1F472B,2025-10-07 05:38:24,2025-10-07,Online Retailer,Shopping,Debit,-157.16,300515.62,USD,Demo High Yield Savings,Savings,Online Retailer,Denver,CO,US,REF87421674,Online,Posted
08DD11D31DFE4BF3,2025-10-07 11:35:16,2025-10-08,Software Subscription,SaaS,Debit,-97.88,300417.74,USD,Demo High Yield Savings,Savings,Software Subscription,Seattle,WA,US,REF25549100,ACH,Posted
133EBB399FDF4CC5,2025-10-07 12:45:28,2025-10-08,Payroll Deposit,Income,Credit,3534.88,303952.62,USD,Demo High Yield Savings,Savings,Payroll Deposit,Chicago,IL,US,REF42431822,ACH,Pending
0554E7DC56EA4CC7,2025-10-07 13:02:47,2025-10-08,Online Retailer,Shopping,Debit,-45.23,303907.39,USD,Demo High Yield Savings,Savings,Online Retailer,Miami,FL,US,REF43738434,Online,Posted
7199CDFA2E794483,2025-10-07 18:22:24,2025-10-07,Online Retailer,Shopping,Debit,-73.63,303833.76,USD,Demo High Yield Savings,Savings,Online Retailer,New York,NY,US,REF83174001,Online,Posted
661F59D2E1D841DD,2025-10-07 22:57:07,2025-10-09,Insurance Payment,Insurance,Debit,-129.25,303704.51,USD,Demo High Yield Savings,Savings,Insurance Payment,Miami,FL,US,REF14023583,ACH,Posted
043D7EBAECEA4AE0,2025-10-08 12:50:28,2025-10-08,Mobile Carrier,Bills,Debit,-17.51,303687.00,USD,Demo High Yield Savings,Savings,Mobile Carrier,Seattle,WA,US,REF75869786,ACH,Posted
9A7270CE6F624197,2025-10-08 14:45:08,2025-10-08,Interest Credit,Interest,Credit,10.45,303697.45,USD,Demo High Yield Savings,Savings,Interest Credit,New York,NY,US,REF11570055,System,Posted
45C2F6EDA1F14FB9,2025-10-08 20:20:47,2025-10-09,Software Subscription,SaaS,Debit,-152.78,303544.67,USD,Demo High Yield Savings,Savings,Software Subscription,Denver,CO,US,REF21927856,ACH,Posted
31741EDE8BC5420E,2025-10-08 23:21:40,2025-10-10,Restaurant,Dining,Debit,-16.95,303527.72,USD,Demo High Yield Savings,Savings,Restaurant,Denver,CO,US,REF89158875,Card,Posted
C0B892C0DD7C428B,2025-10-08 23:47:36,2025-10-10,Gas Station,Transport,Debit,-28.88,303498.84,USD,Demo High Yield Savings,Savings,Gas Station,Seattle,WA,US,REF98666413,POS,Pending
624E4BD67A9D46CD,2025-10-09 01:59:22,2025-10-11,Pharmacy,Health,Debit,-2.41,303496.43,USD,Demo High Yield Savings,Savings,Pharmacy,Denver,CO,US,REF18826541,Card,Posted
2287609AC7404EBE,2025-10-09 17:05:46,2025-10-11,Ride Share,Transport,Debit,-23.57,303472.86,USD,Demo High Yield Savings,Savings,Ride Share,Denver,CO,US,REF73142083,Card,Posted
49FA91F217DF411F,2025-10-10 04:06:17,2025-10-10,Streaming Service,Entertainment,Debit,-9.37,303463.49,USD,Demo High Yield Savings,Savings,Streaming Service,Miami,FL,US,REF24037331,ACH,Posted
432F7AAA2B2A4841,2025-10-10 15:08:17,2025-10-12,Grocery Market,Groceries,Debit,-10.24,303453.25,USD,Demo High Yield Savings,Savings,Grocery Market,Austin,TX,US,REF97286750,POS,Posted
EAC3BA6DE5044C3E,2025-10-10 16:41:59,2025-10-10,Streaming Service,Entertainment,Debit,-9.34,303443.91,USD,Demo High Yield Savings,Savings,Streaming Service,Seattle,WA,US,REF23265355,ACH,Posted
68C8476A5D57426E,2025-10-11 22:59:30,2025-10-13,Gas Station,Transport,Debit,-43.61,303400.30,USD,Demo High Yield Savings,Savings,Gas Station,Seattle,WA,US,REF13212026,POS,Posted
F52B74BCFD7F43A3,2025-10-11 23:15:00,2025-10-11,Software Subscription,SaaS,Debit,-70.78,303329.52,USD,Demo High Yield Savings,Savings,Software Subscription,Austin,TX,US,REF63410254,ACH,Pending
1D3F098B9F1C4060,2025-10-12 05:38:28,2025-10-13,Insurance Payment,Insurance,Debit,-52.34,303277.18,USD,Demo High Yield Savings,Savings,Insurance Payment,Seattle,WA,US,REF91408752,ACH,Pending
8D5AF13DA3FC4689,2025-10-13 03:34:10,2025-10-15,Transfer In,Transfer,Credit,1391.50,304668.68,USD,Demo High Yield Savings,Savings,Transfer In,Seattle,WA,US,REF91877039,Internal,Posted
2C0FB37CE9124B54,2025-10-13 16:15:08,2025-10-13,Software Subscription,SaaS,Debit,-140.51,304528.17,USD,Demo High Yield Savings,Savings,Software Subscription,Austin,TX,US,REF28081314,ACH,Posted
B680497B63564BF3,2025-10-13 18:34:49,2025-10-15,Online Retailer,Shopping,Debit,-55.51,304472.66,USD,Demo High Yield Savings,Savings,Online Retailer,Chicago,IL,US,REF48762628,Online,Posted
E45886A0899C487D,2025-10-13 21:25:40,2025-10-15,Refund,Refund,Credit,73.79,304546.45,USD,Demo High Yield Savings,Savings,Refund,San Francisco,CA,US,REF87367064,Card,Posted
F693ED9726104DED,2025-10-14 04:12:55,2025-10-14,Ride Share,Transport,Debit,-24.15,304522.30,USD,Demo High Yield Savings,Savings,Ride Share,San Francisco,CA,US,REF69604527,Card,Posted
F8E38C4E9B5A47B5,2025-10-14 07:22:40,2025-10-14,Streaming Service,Entertainment,Debit,-8.41,304513.89,USD,Demo High Yield Savings,Savings,Streaming Service,New York,NY,US,REF67198985,ACH,Posted
08AE5447BFED43A1,2025-10-14 16:04:58,2025-10-15,Transfer In,Transfer,Credit,422.49,304936.38,USD,Demo High Yield Savings,Savings,Transfer In,Miami,FL,US,REF66217126,Internal,Posted
A5E9CD73004C4769,2025-10-14 16:09:29,2025-10-16,Ride Share,Transport,Debit,-28.00,304908.38,USD,Demo High Yield Savings,Savings,Ride Share,Boston,MA,US,REF74040071,Card,Posted
9C4D4B9DCD4D4F83,2025-10-14 17:11:25,2025-10-16,Online Retailer,Shopping,Debit,-18.50,304889.88,USD,Demo High Yield Savings,Savings,Online Retailer,Seattle,WA,US,REF99011879,Online,Pending
DA6DE6C05A164645,2025-10-14 19:20:56,2025-10-16,Coffee Shop,Food & Drink,Debit,-1.79,304888.09,USD,Demo High Yield Savings,Savings,Coffee Shop,Chicago,IL,US,REF97503200,POS,Posted
BD3B387FAB814353,2025-10-15 00:09:54,2025-10-15,Electric Utility,Bills,Debit,-35.36,304852.73,USD,Demo High Yield Savings,Savings,Electric Utility,Chicago,IL,US,REF19795032,ACH,Posted
59911B35D6F84857,2025-10-15 01:38:46,2025-10-15,Coffee Shop,Food & Drink,Debit,-1.60,304851.13,USD,Demo High Yield Savings,Savings,Coffee Shop,Miami,FL,US,REF79022241,POS,Posted
8BB1775C32F049F3,2025-10-15 06:27:26,2025-10-17,Refund,Refund,Credit,49.32,304900.45,USD,Demo High Yield Savings,Savings,Refund,New York,NY,US,REF60723650,Card,Posted
E33A536D769642D9,2025-10-15 08:45:38,2025-10-17,Transfer In,Transfer,Credit,1349.73,306250.18,USD,Demo High Yield Savings,Savings,Transfer In,Seattle,WA,US,REF66606345,Internal,Pending
DDB7DD3D931240B0,2025-10-16 01:52:24,2025-10-18,Cloud Hosting,Infrastructure,Debit,-71.46,306178.72,USD,Demo High Yield Savings,Savings,Cloud Hosting,Seattle,WA,US,REF85650313,ACH,Posted
4DBD7F2A16254985,2025-10-16 03:08:51,2025-10-18,Refund,Refund,Credit,51.05,306229.77,USD,Demo High Yield Savings,Savings,Refund,Boston,MA,US,REF89479708,Card,Posted
869B44646AA54C50,2025-10-16 11:45:18,2025-10-17,Ride Share,Transport,Debit,-16.54,306213.23,USD,Demo High Yield Savings,Savings,Ride Share,San Francisco,CA,US,REF69037325,Card,Posted
9218EAB778B64277,2025-10-17 01:50:44,2025-10-17,Client Payment,Revenue,Credit,6662.25,312875.48,USD,Demo High Yield Savings,Savings,Client Payment,Boston,MA,US,REF78919151,Wire,Posted
EB2B5612B4454F2E,2025-10-17 06:22:19,2025-10-17,Restaurant,Dining,Debit,-29.17,312846.31,USD,Demo High Yield Savings,Savings,Restaurant,Denver,CO,US,REF90230057,Card,Pending
72A6B4B33E2C490C,2025-10-17 11:55:03,2025-10-17,Cloud Hosting,Infrastructure,Debit,-146.33,312699.98,USD,Demo High Yield Savings,Savings,Cloud Hosting,San Francisco,CA,US,REF16814758,ACH,Posted
8D4FA57170544925,2025-10-17 12:51:59,2025-10-19,Streaming Service,Entertainment,Debit,-9.86,312690.12,USD,Demo High Yield Savings,Savings,Streaming Service,Austin,TX,US,REF75914192,ACH,Posted
2A61D051FB21422B,2025-10-17 19:25:10,2025-10-18,Software Subscription,SaaS,Debit,-4.27,312685.85,USD,Demo High Yield Savings,Savings,Software Subscription,Miami,FL,US,REF68176544,ACH,Posted
2B6AE8BE78784435,2025-10-18 05:06:03,2025-10-19,Pharmacy,Health,Debit,-7.10,312678.75,USD,Demo High Yield Savings,Savings,Pharmacy,New York,NY,US,REF60039183,Card,Posted
5C52336ADC4F4A4A,2025-10-18 22:11:00,2025-10-18,Electric Utility,Bills,Debit,-48.97,312629.78,USD,Demo High Yield Savings,Savings,Electric Utility,Chicago,IL,US,REF54903382,ACH,Posted
75F4499335384CC2,2025-10-19 01:01:43,2025-10-19,Streaming Service,Entertainment,Debit,-6.71,312623.07,USD,Demo High Yield Savings,Savings,Streaming Service,San Francisco,CA,US,REF55987219,ACH,Posted
BFAA95913A1B4794,2025-10-19 01:56:32,2025-10-19,Water Utility,Bills,Debit,-5.29,312617.78,USD,Demo High Yield Savings,Savings,Water Utility,San Francisco,CA,US,REF30343371,ACH,Posted
475C50F9B6B84B2C,2025-10-19 14:22:43,2025-10-19,Pharmacy,Health,Debit,-10.63,312607.15,USD,Demo High Yield Savings,Savings,Pharmacy,Denver,CO,US,REF95554021,Card,Posted
57FB90466E754A73,2025-10-20 00:55:45,2025-10-21,Water Utility,Bills,Debit,-17.54,312589.61,USD,Demo High Yield Savings,Savings,Water Utility,Miami,FL,US,REF96912487,ACH,Posted
6B044498BC6148FA,2025-10-20 02:40:31,2025-10-22,Payroll Deposit,Income,Credit,1822.65,314412.26,USD,Demo High Yield Savings,Savings,Payroll Deposit,Denver,CO,US,REF81080601,ACH,Posted
E3D9BF9DBC204E8D,2025-10-20 07:49:05,2025-10-20,Payroll Deposit,Income,Credit,3409.51,317821.77,USD,Demo High Yield Savings,Savings,Payroll Deposit,Austin,TX,US,REF55786338,ACH,Posted
D14A42A8824648BD,2025-10-20 12:52:00,2025-10-22,Grocery Market,Groceries,Debit,-54.07,317767.70,USD,Demo High Yield Savings,Savings,Grocery Market,New York,NY,US,REF29410197,POS,Posted
4B53CCB50CCF4BB0,2025-10-20 13:15:35,2025-10-21,Ride Share,Transport,Debit,-23.52,317744.18,USD,Demo High Yield Savings,Savings,Ride Share,New York,NY,US,REF87558199,Card,Pending
0863FCA5CFC04252,2025-10-20 13:46:28,2025-10-22,Cloud Hosting,Infrastructure,Debit,-171.70,317572.48,USD,Demo High Yield Savings,Savings,Cloud Hosting,San Francisco,CA,US,REF26098153,ACH,Pending
B0D134A465B74FB2,2025-10-20 17:11:41,2025-10-21,Restaurant,Dining,Debit,-12.26,317560.22,USD,Demo High Yield Savings,Savings,Restaurant,Austin,TX,US,REF61660590,Card,Posted
C556AC7F39464CDA,2025-10-21 03:21:25,2025-10-21,Grocery Market,Groceries,Debit,-69.49,317490.73,USD,Demo High Yield Savings,Savings,Grocery Market,Chicago,IL,US,REF35045268,POS,Posted
CA79A2A2DC274C22,2025-10-21 12:55:49,2025-10-23,Cloud Hosting,Infrastructure,Debit,-157.19,317333.54,USD,Demo High Yield Savings,Savings,Cloud Hosting,Chicago,IL,US,REF90572336,ACH,Pending
87B66A30231C489F,2025-10-21 18:30:17,2025-10-23,Transfer In,Transfer,Credit,353.54,317687.08,USD,Demo High Yield Savings,Savings,Transfer In,Seattle,WA,US,REF74987079,Internal,Pending
F89AE99E82744BA4,2025-10-22 06:09:26,2025-10-23,Online Retailer,Shopping,Debit,-55.68,317631.40,USD,Demo High Yield Savings,Savings,Online Retailer,Miami,FL,US,REF75321753,Online,Posted
E3BA31F8187345AB,2025-10-22 19:20:06,2025-10-23,Gas Station,Transport,Debit,-9.65,317621.75,USD,Demo High Yield Savings,Savings,Gas Station,Chicago,IL,US,REF68910408,POS,Posted
210A20F80D514979,2025-10-22 22:27:46,2025-10-23,Cloud Hosting,Infrastructure,Debit,-83.75,317538.00,USD,Demo High Yield Savings,Savings,Cloud Hosting,Miami,FL,US,REF90657059,ACH,Posted
716D2F655B8249D7,2025-10-23 05:52:41,2025-10-25,Pharmacy,Health,Debit,-11.49,317526.51,USD,Demo High Yield Savings,Savings,Pharmacy,Seattle,WA,US,REF40984920,Card,Posted
F8A9D3FBAAD34557,2025-10-23 08:48:57,2025-10-23,Electric Utility,Bills,Debit,-34.75,317491.76,USD,Demo High Yield Savings,Savings,Electric Utility,Denver,CO,US,REF14593643,ACH,Pending
F74D9BF092124EBA,2025-10-23 20:06:09,2025-10-24,Office Supplies,Operations,Debit,-6.91,317484.85,USD,Demo High Yield Savings,Savings,Office Supplies,Seattle,WA,US,REF71853813,Card,Posted
311927220D7048B9,2025-10-24 08:20:23,2025-10-26,Client Payment,Revenue,Credit,4869.57,322354.42,USD,Demo High Yield Savings,Savings,Client Payment,Austin,TX,US,REF16597033,Wire,Posted
A45B61005C794218,2025-10-26 00:31:55,2025-10-26,Grocery Market,Groceries,Debit,-4.96,322349.46,USD,Demo High Yield Savings,Savings,Grocery Market,Miami,FL,US,REF49011532,POS,Posted
96E8C9CAAF984DB2,2025-10-26 15:14:45,2025-10-27,Grocery Market,Groceries,Debit,-10.39,322339.07,USD,Demo High Yield Savings,Savings,Grocery Market,Seattle,WA,US,REF91229370,POS,Posted
5FD4FDF629804924,2025-10-26 18:58:07,2025-10-28,Software Subscription,SaaS,Debit,-7.36,322331.71,USD,Demo High Yield Savings,Savings,Software Subscription,Miami,FL,US,REF45448743,ACH,Posted
074D55ECBD1A4263,2025-10-26 20:55:29,2025-10-28,Payroll Deposit,Income,Credit,3037.70,325369.41,USD,Demo High Yield Savings,Savings,Payroll Deposit,Denver,CO,US,REF17538528,ACH,Posted
55D6FEF424544270,2025-10-27 21:32:47,2025-10-29,Interest Credit,Interest,Credit,45.66,325415.07,USD,Demo High Yield Savings,Savings,Interest Credit,Austin,TX,US,REF76478665,System,Posted
C54885FB13F74FFA,2025-10-28 04:20:01,2025-10-28,Cloud Hosting,Infrastructure,Debit,-84.67,325330.40,USD,Demo High Yield Savings,Savings,Cloud Hosting,Austin,TX,US,REF29025744,ACH,Posted
B3B72E9175B74616,2025-10-28 16:32:49,2025-10-28,Streaming Service,Entertainment,Debit,-8.88,325321.52,USD,Demo High Yield Savings,Savings,Streaming Service,Austin,TX,US,REF87681888,ACH,Posted
479AEB4A761349A1,2025-10-29 00:06:57,2025-10-30,Client Payment,Revenue,Credit,7785.51,333107.03,USD,Demo High Yield Savings,Savings,Client Payment,Austin,TX,US,REF64490879,Wire,Posted
1C8B6F6F4B374E41,2025-10-29 00:14:26,2025-10-31,Software Subscription,SaaS,Debit,-7.46,333099.57,USD,Demo High Yield Savings,Savings,Software Subscription,Austin,TX,US,REF17634795,ACH,Posted
FC8D32C248624B3A,2025-10-29 08:20:51,2025-10-31,Grocery Market,Groceries,Debit,-9.06,333090.51,USD,Demo High Yield Savings,Savings,Grocery Market,Austin,TX,US,REF90410932,POS,Posted
D31514A705CE4BDD,2025-10-29 08:49:06,2025-10-29,Water Utility,Bills,Debit,-20.52,333069.99,USD,Demo High Yield Savings,Savings,Water Utility,Chicago,IL,US,REF80490297,ACH,Posted
523B917EE29D4884,2025-10-29 09:41:53,2025-10-31,Client Payment,Revenue,Credit,7549.93,340619.92,USD,Demo High Yield Savings,Savings,Client Payment,Miami,FL,US,REF81026399,Wire,Pending
C07EABF718BE4694,2025-10-29 11:14:45,2025-10-29,Insurance Payment,Insurance,Debit,-204.41,340415.51,USD,Demo High Yield Savings,Savings,Insurance Payment,Chicago,IL,US,REF66844267,ACH,Posted
2B2633A443654B85,2025-10-29 20:50:04,2025-10-30,Client Payment,Revenue,Credit,8726.95,349142.46,USD,Demo High Yield Savings,Savings,Client Payment,Boston,MA,US,REF91706445,Wire,Posted
DF2371604BCE4F12,2025-10-29 23:24:55,2025-10-31,Water Utility,Bills,Debit,-39.77,349102.69,USD,Demo High Yield Savings,Savings,Water Utility,Austin,TX,US,REF95303152,ACH,Posted
0F4B05AFA33240D4,2025-10-30 13:04:10,2025-10-30,Restaurant,Dining,Debit,-53.96,349048.73,USD,Demo High Yield Savings,Savings,Restaurant,Miami,FL,US,REF73971718,Card,Posted
CC1DE601D3D94D6F,2025-10-30 16:10:57,2025-10-30,Online Retailer,Shopping,Debit,-104.52,348944.21,USD,Demo High Yield Savings,Savings,Online Retailer,Miami,FL,US,REF55284617,Online,Pending
F3B522FC99D84852,2025-10-30 20:40:09,2025-10-30,Interest Credit,Interest,Credit,26.35,348970.56,USD,Demo High Yield Savings,Savings,Interest Credit,Seattle,WA,US,REF35793612,System,Posted
B58CECC4CCD746FA,2025-10-31 01:43:31,2025-10-31,Mobile Carrier,Bills,Debit,-23.98,348946.58,USD,Demo High Yield Savings,Savings,Mobile Carrier,Miami,FL,US,REF73565178,ACH,Pending
3CA45AC7D76A4985,2025-10-31 01:46:10,2025-11-02,Coffee Shop,Food & Drink,Debit,-1.92,348944.66,USD,Demo High Yield Savings,Savings,Coffee Shop,Denver,CO,US,REF78487095,POS,Posted
0DD92534AF134D9F,2025-10-31 09:38:26,2025-11-02,Online Retailer,Shopping,Debit,-66.89,348877.77,USD,Demo High Yield Savings,Savings,Online Retailer,Chicago,IL,US,REF42315695,Online,Posted
4F9804404B2E4971,2025-11-01 07:14:52,2025-11-01,Water Utility,Bills,Debit,-25.19,348852.58,USD,Demo High Yield Savings,Savings,Water Utility,Boston,MA,US,REF50341681,ACH,Pending
43017DB92D69435C,2025-11-02 03:09:34,2025-11-03,Cloud Hosting,Infrastructure,Debit,-120.10,348732.48,USD,Demo High Yield Savings,Savings,Cloud Hosting,Chicago,IL,US,REF93496702,ACH,Posted
092E839A4F254148,2025-11-02 09:21:24,2025-11-03,Refund,Refund,Credit,39.28,348771.76,USD,Demo High Yield Savings,Savings,Refund,New York,NY,US,REF89146958,Card,Pending
6E3C981C238C4C23,2025-11-03 15:14:42,2025-11-04,Cloud Hosting,Infrastructure,Debit,-49.25,348722.51,USD,Demo High Yield Savings,Savings,Cloud Hosting,Chicago,IL,US,REF70984164,ACH,Posted
11BB7C297ABC41A2,2025-11-03 17:47:40,2025-11-03,Water Utility,Bills,Debit,-31.81,348690.70,USD,Demo High Yield Savings,Savings,Water Utility,Austin,TX,US,REF98220912,ACH,Posted
327A641B81A34F1A,2025-11-03 19:03:28,2025-11-05,Client Payment,Revenue,Credit,4335.79,353026.49,USD,Demo High Yield Savings,Savings,Client Payment,Seattle,WA,US,REF89297534,Wire,Posted
A5859B72DE0E4AAE,2025-11-03 22:44:16,2025-11-05,Pharmacy,Health,Debit,-8.77,353017.72,USD,Demo High Yield Savings,Savings,Pharmacy,Chicago,IL,US,REF55328139,Card,Posted
0386121493DC4D49,2025-11-04 14:33:29,2025-11-06,Transfer In,Transfer,Credit,167.66,353185.38,USD,Demo High Yield Savings,Savings,Transfer In,Seattle,WA,US,REF36658175,Internal,Posted
BD6F117D42584379,2025-11-04 17:21:01,2025-11-04,Insurance Payment,Insurance,Debit,-141.20,353044.18,USD,Demo High Yield Savings,Savings,Insurance Payment,Chicago,IL,US,REF58037222,ACH,Posted
C69F13C983214764,2025-11-07 01:35:03,2025-11-09,Grocery Market,Groceries,Debit,-26.98,353017.20,USD,Demo High Yield Savings,Savings,Grocery Market,Denver,CO,US,REF81017414,POS,Posted
56483B35FE8D49CD,2025-11-07 18:24:03,2025-11-07,Pharmacy,Health,Debit,-12.30,353004.90,USD,Demo High Yield Savings,Savings,Pharmacy,Austin,TX,US,REF68804057,Card,Posted
5C61B1567D784694,2025-11-08 03:09:25,2025-11-08,Office Supplies,Operations,Debit,-12.16,352992.74,USD,Demo High Yield Savings,Savings,Office Supplies,San Francisco,CA,US,REF25848323,Card,Pending
F78DFBE13F2E4B5B,2025-11-08 11:36:50,2025-11-09,Online Retailer,Shopping,Debit,-64.24,352928.50,USD,Demo High Yield Savings,Savings,Online Retailer,Miami,FL,US,REF43314826,Online,Posted
D5907F5B032A4F1F,2025-11-08 21:23:06,2025-11-08,Restaurant,Dining,Debit,-34.47,352894.03,USD,Demo High Yield Savings,Savings,Restaurant,Seattle,WA,US,REF13443928,Card,Pending
08E871E793714CA5,2025-11-08 22:37:25,2025-11-08,Streaming Service,Entertainment,Debit,-2.98,352891.05,USD,Demo High Yield Savings,Savings,Streaming Service,Boston,MA,US,REF74092715,ACH,Posted
60C67EA8FEAE4BE6,2025-11-08 23:42:10,2025-11-08,Insurance Payment,Insurance,Debit,-229.60,352661.45,USD,Demo High Yield Savings,Savings,Insurance Payment,Denver,CO,US,REF80095741,ACH,Posted
9E3760CE7E0D42A5,2025-11-10 00:02:59,2025-11-11,Insurance Payment,Insurance,Debit,-203.04,352458.41,USD,Demo High Yield Savings,Savings,Insurance Payment,New York,NY,US,REF10636028,ACH,Posted
C319D5B5AF024786,2025-11-10 15:53:28,2025-11-11,Electric Utility,Bills,Debit,-42.94,352415.47,USD,Demo High Yield Savings,Savings,Electric Utility,New York,NY,US,REF63635663,ACH,Posted
4C866925FBD74C03,2025-11-10 16:47:40,2025-11-10,Software Subscription,SaaS,Debit,-5.89,352409.58,USD,Demo High Yield Savings,Savings,Software Subscription,Seattle,WA,US,REF17080348,ACH,Posted
4A92E0E152344E6A,2025-11-10 20:17:05,2025-11-11,Cloud Hosting,Infrastructure,Debit,-93.36,352316.22,USD,Demo High Yield Savings,Savings,Cloud Hosting,Seattle,WA,US,REF64732787,ACH,Posted
90E5568DC0A94822,2025-11-10 21:28:54,2025-11-12,Electric Utility,Bills,Debit,-18.20,352298.02,USD,Demo High Yield Savings,Savings,Electric Utility,Seattle,WA,US,REF29016797,ACH,Posted
1C52B869CBDB42A9,2025-11-11 06:47:26,2025-11-11,Office Supplies,Operations,Debit,-31.07,352266.95,USD,Demo High Yield Savings,Savings,Office Supplies,Seattle,WA,US,REF88541092,Card,Posted
0FA4232513D54429,2025-11-11 09:50:15,2025-11-13,Gas Station,Transport,Debit,-36.90,352230.05,USD,Demo High Yield Savings,Savings,Gas Station,Denver,CO,US,REF49371856,POS,Posted
0FD7E5883219467B,2025-11-11 11:21:00,2025-11-11,Software Subscription,SaaS,Debit,-111.76,352118.29,USD,Demo High Yield Savings,Savings,Software Subscription,Miami,FL,US,REF38328230,ACH,Posted
0B00A06DA7324B08,2025-11-11 23:46:31,2025-11-13,Water Utility,Bills,Debit,-29.08,352089.21,USD,Demo High Yield Savings,Savings,Water Utility,Seattle,WA,US,REF37686424,ACH,Posted
B3704B9096E34F3F,2025-11-12 06:05:55,2025-11-12,Electric Utility,Bills,Debit,-84.98,352004.23,USD,Demo High Yield Savings,Savings,Electric Utility,Boston,MA,US,REF41061693,ACH,Posted
2036E39027554CFE,2025-11-12 14:17:24,2025-11-12,Client Payment,Revenue,Credit,4954.08,356958.31,USD,Demo High Yield Savings,Savings,Client Payment,Seattle,WA,US,REF81430313,Wire,Pending
5DFA5CA592114304,2025-11-12 21:58:30,2025-11-12,Coffee Shop,Food & Drink,Debit,-7.54,356950.77,USD,Demo High Yield Savings,Savings,Coffee Shop,San Francisco,CA,US,REF22259214,POS,Posted
D63F17434D73407F,2025-11-13 10:02:28,2025-11-14,Cloud Hosting,Infrastructure,Debit,-163.64,356787.13,USD,Demo High Yield Savings,Savings,Cloud Hosting,Austin,TX,US,REF35670862,ACH,Posted
31A8B51A4AFA4427,2025-11-13 23:02:28,2025-11-13,Transfer In,Transfer,Credit,1163.93,357951.06,USD,Demo High Yield Savings,Savings,Transfer In,Denver,CO,US,REF43376439,Internal,Posted
4A1D43D6CA124EA2,2025-11-14 06:28:45,2025-11-16,Coffee Shop,Food & Drink,Debit,-5.01,357946.05,USD,Demo High Yield Savings,Savings,Coffee Shop,Seattle,WA,US,REF99861199,POS,Posted
9FABF226B52A4514,2025-11-14 10:22:05,2025-11-15,Gas Station,Transport,Debit,-9.77,357936.28,USD,Demo High Yield Savings,Savings,Gas Station,Boston,MA,US,REF11306363,POS,Posted
2591C3F719C54F61,2025-11-14 20:30:49,2025-11-16,Interest Credit,Interest,Credit,70.56,358006.84,USD,Demo High Yield Savings,Savings,Interest Credit,Seattle,WA,US,REF76353912,System,Posted
EB661977944E4EF8,2025-11-15 05:58:25,2025-11-17,Streaming Service,Entertainment,Debit,-8.78,357998.06,USD,Demo High Yield Savings,Savings,Streaming Service,Boston,MA,US,REF82263328,ACH,Posted
73C9BEE848B14BAD,2025-11-16 13:03:12,2025-11-16,Restaurant,Dining,Debit,-57.45,357940.61,USD,Demo High Yield Savings,Savings,Restaurant,Denver,CO,US,REF79457789,Card,Pending
AF6EED1006504813,2025-11-17 00:52:22,2025-11-17,Gas Station,Transport,Debit,-7.55,357933.06,USD,Demo High Yield Savings,Savings,Gas Station,Chicago,IL,US,REF98223673,POS,Posted
51073FD33D44497E,2025-11-17 02:13:43,2025-11-18,Insurance Payment,Insurance,Debit,-110.85,357822.21,USD,Demo High Yield Savings,Savings,Insurance Payment,Boston,MA,US,REF31622965,ACH,Posted
8617925A29474EC0,2025-11-17 03:39:39,2025-11-18,Transfer In,Transfer,Credit,855.67,358677.88,USD,Demo High Yield Savings,Savings,Transfer In,San Francisco,CA,US,REF12834368,Internal,Pending
7163C7AF8EC44409,2025-11-17 12:55:04,2025-11-19,Gas Station,Transport,Debit,-22.98,358654.90,USD,Demo High Yield Savings,Savings,Gas Station,Seattle,WA,US,REF25827960,POS,Pending
E094A896D2D0446C,2025-11-17 13:53:40,2025-11-18,Refund,Refund,Credit,37.51,358692.41,USD,Demo High Yield Savings,Savings,Refund,New York,NY,US,REF67964749,Card,Posted
1B961F1675B54572,2025-11-17 15:03:26,2025-11-17,Electric Utility,Bills,Debit,-85.39,358607.02,USD,Demo High Yield Savings,Savings,Electric Utility,New York,NY,US,REF71743329,ACH,Posted
12BD340A10B44E2E,2025-11-17 21:34:57,2025-11-18,Streaming Service,Entertainment,Debit,-8.79,358598.23,USD,Demo High Yield Savings,Savings,Streaming Service,San Francisco,CA,US,REF54452330,ACH,Pending
BE5E3A11D53A4EBD,2025-11-18 00:15:08,2025-11-20,Cloud Hosting,Infrastructure,Debit,-279.01,358319.22,USD,Demo High Yield Savings,Savings,Cloud Hosting,Boston,MA,US,REF45606090,ACH,Pending
66A45FF8425F452F,2025-11-19 02:41:05,2025-11-20,Water Utility,Bills,Debit,-28.62,358290.60,USD,Demo High Yield Savings,Savings,Water Utility,Denver,CO,US,REF14804924,ACH,Pending
2667D11126C14EE0,2025-11-19 14:47:53,2025-11-20,Software Subscription,SaaS,Debit,-39.39,358251.21,USD,Demo High Yield Savings,Savings,Software Subscription,Chicago,IL,US,REF34622346,ACH,Posted
A8D03DF19B764B7F,2025-11-19 23:17:40,2025-11-21,Refund,Refund,Credit,50.09,358301.30,USD,Demo High Yield Savings,Savings,Refund,New York,NY,US,REF96942366,Card,Posted
C0A01B5EA96A47EE,2025-11-20 02:16:40,2025-11-21,Cloud Hosting,Infrastructure,Debit,-79.08,358222.22,USD,Demo High Yield Savings,Savings,Cloud Hosting,Chicago,IL,US,REF52017078,ACH,Posted
4D8D584ECA8D45EC,2025-11-20 11:01:21,2025-11-21,Payroll Deposit,Income,Credit,3621.83,361844.05,USD,Demo High Yield Savings,Savings,Payroll Deposit,Boston,MA,US,REF64017185,ACH,Posted
58F57F44BED64284,2025-11-20 12:10:22,2025-11-21,Cloud Hosting,Infrastructure,Debit,-141.64,361702.41,USD,Demo High Yield Savings,Savings,Cloud Hosting,Chicago,IL,US,REF40746470,ACH,Posted
7036B5ED6AC244CC,2025-11-20 21:12:31,2025-11-20,Electric Utility,Bills,Debit,-123.10,361579.31,USD,Demo High Yield Savings,Savings,Electric Utility,San Francisco,CA,US,REF15262830,ACH,Pending
0AEA11C9553C491E,2025-11-20 21:53:10,2025-11-20,Gas Station,Transport,Debit,-15.92,361563.39,USD,Demo High Yield Savings,Savings,Gas Station,Boston,MA,US,REF68230817,POS,Posted
61648824DE314707,2025-11-21 06:03:17,2025-11-23,Interest Credit,Interest,Credit,16.75,361580.14,USD,Demo High Yield Savings,Savings,Interest Credit,San Francisco,CA,US,REF68909058,System,Pending
6838877646E646F9,2025-11-22 08:09:09,2025-11-22,Ride Share,Transport,Debit,-10.34,361569.80,USD,Demo High Yield Savings,Savings,Ride Share,Seattle,WA,US,REF15622602,Card,Posted
7D6A32704569417D,2025-11-22 12:46:11,2025-11-23,Transfer In,Transfer,Credit,321.82,361891.62,USD,Demo High Yield Savings,Savings,Transfer In,Denver,CO,US,REF41000202,Internal,Posted
D16C259B8CC54D2F,2025-11-22 18:07:30,2025-11-24,Software Subscription,SaaS,Debit,-71.51,361820.11,USD,Demo High Yield Savings,Savings,Software Subscription,Miami,FL,US,REF59794206,ACH,Posted
5243E95A206D46EB,2025-11-22 19:21:34,2025-11-23,Insurance Payment,Insurance,Debit,-96.04,361724.07,USD,Demo High Yield Savings,Savings,Insurance Payment,Miami,FL,US,REF52901731,ACH,Posted
667C414F19644B99,2025-11-23 01:15:17,2025-11-23,Ride Share,Transport,Debit,-24.03,361700.04,USD,Demo High Yield Savings,Savings,Ride Share,Austin,TX,US,REF16449014,Card,Posted
EF5E6D9D13044C31,2025-11-23 04:28:55,2025-11-25,Pharmacy,Health,Debit,-21.04,361679.00,USD,Demo High Yield Savings,Savings,Pharmacy,San Francisco,CA,US,REF29101240,Card,Posted
6ED8C0451D4A40EB,2025-11-23 14:46:18,2025-11-25,Gas Station,Transport,Debit,-16.91,361662.09,USD,Demo High Yield Savings,Savings,Gas Station,Boston,MA,US,REF79164276,POS,Posted
BE5D62DF23E64B1E,2025-11-23 18:35:12,2025-11-23,Client Payment,Revenue,Credit,4437.63,366099.72,USD,Demo High Yield Savings,Savings,Client Payment,Chicago,IL,US,REF48398260,Wire,Posted
9DAC48BCCCD7445E,2025-11-23 18:55:06,2025-11-23,Insurance Payment,Insurance,Debit,-69.09,366030.63,USD,Demo High Yield Savings,Savings,Insurance Payment,Miami,FL,US,REF47911547,ACH,Posted
6E4D7F07D58D4BE0,2025-11-24 01:54:18,2025-11-24,Insurance Payment,Insurance,Debit,-91.70,365938.93,USD,Demo High Yield Savings,Savings,Insurance Payment,New York,NY,US,REF57655811,ACH,Posted
48A1E1E136FF46C1,2025-11-24 02:56:31,2025-11-26,Grocery Market,Groceries,Debit,-32.53,365906.40,USD,Demo High Yield Savings,Savings,Grocery Market,San Francisco,CA,US,REF66353692,POS,Posted
4D312F29A4554E3F,2025-11-24 11:26:11,2025-11-26,Refund,Refund,Credit,42.40,365948.80,USD,Demo High Yield Savings,Savings,Refund,Boston,MA,US,REF56632220,Card,Posted
701AC30959604EDE,2025-11-24 14:23:27,2025-11-25,Mobile Carrier,Bills,Debit,-43.31,365905.49,USD,Demo High Yield Savings,Savings,Mobile Carrier,Seattle,WA,US,REF56712081,ACH,Posted
E09A0A32EB7D4D6A,2025-11-25 22:04:29,2025-11-27,Interest Credit,Interest,Credit,30.94,365936.43,USD,Demo High Yield Savings,Savings,Interest Credit,Miami,FL,US,REF69682874,System,Posted
48423D016B1A4704,2025-11-26 04:39:13,2025-11-28,Streaming Service,Entertainment,Debit,-4.56,365931.87,USD,Demo High Yield Savings,Savings,Streaming Service,Chicago,IL,US,REF42494127,ACH,Posted
EF635E437EAA447A,2025-11-26 18:10:49,2025-11-28,Pharmacy,Health,Debit,-2.61,365929.26,USD,Demo High Yield Savings,Savings,Pharmacy,Denver,CO,US,REF74151878,Card,Posted
DFC7B1CFEC5A420C,2025-11-27 20:43:47,2025-11-27,Gas Station,Transport,Debit,-15.03,365914.23,USD,Demo High Yield Savings,Savings,Gas Station,Miami,FL,US,REF84502763,POS,Posted
ED6AE68E2BB14C6C,2025-11-28 02:12:29,2025-11-30,Pharmacy,Health,Debit,-5.34,365908.89,USD,Demo High Yield Savings,Savings,Pharmacy,Miami,FL,US,REF90931542,Card,Posted
48DB36E4A3D34065,2025-11-28 15:23:15,2025-11-29,Refund,Refund,Credit,79.60,365988.49,USD,Demo High Yield Savings,Savings,Refund,Miami,FL,US,REF71616570,Card,Posted
B786CBD8E9584FA7,2025-11-28 18:21:29,2025-11-30,Payroll Deposit,Income,Credit,2404.40,368392.89,USD,Demo High Yield Savings,Savings,Payroll Deposit,Boston,MA,US,REF49435019,ACH,Posted
5D95349E6F08459A,2025-11-29 02:04:59,2025-11-29,Restaurant,Dining,Debit,-57.37,368335.52,USD,Demo High Yield Savings,Savings,Restaurant,Boston,MA,US,REF80834264,Card,Posted
C395731EAE1B4537,2025-11-29 03:21:38,2025-11-29,Transfer In,Transfer,Credit,774.06,369109.58,USD,Demo High Yield Savings,Savings,Transfer In,Chicago,IL,US,REF54467352,Internal,Posted
10A39E92355D4C66,2025-11-29 15:59:36,2025-12-01,Refund,Refund,Credit,59.85,369169.43,USD,Demo High Yield Savings,Savings,Refund,Boston,MA,US,REF61911006,Card,Pending
CF240094339F4EAD,2025-11-30 18:19:51,2025-11-30,Restaurant,Dining,Debit,-38.03,369131.40,USD,Demo High Yield Savings,Savings,Restaurant,Chicago,IL,US,REF16302637,Card,Posted
60366BC1A6F74BB1,2025-12-01 00:19:49,2025-12-01,Streaming Service,Entertainment,Debit,-4.46,369126.94,USD,Demo High Yield Savings,Savings,Streaming Service,Seattle,WA,US,REF37469800,ACH,Posted
1F371684D337498C,2025-12-01 04:49:45,2025-12-01,Water Utility,Bills,Debit,-27.55,369099.39,USD,Demo High Yield Savings,Savings,Water Utility,Denver,CO,US,REF58360842,ACH,Posted
5C6CFB8A059F447D,2025-12-01 12:35:32,2025-12-01,Water Utility,Bills,Debit,-28.41,369070.98,USD,Demo High Yield Savings,Savings,Water Utility,San Francisco,CA,US,REF33516421,ACH,Pending
2A26683E0FD542DC,2025-12-02 01:14:07,2025-12-04,Gas Station,Transport,Debit,-38.03,369032.95,USD,Demo High Yield Savings,Savings,Gas Station,Austin,TX,US,REF87831614,POS,Posted
947134FF847F4A6A,2025-12-02 09:14:58,2025-12-04,Payroll Deposit,Income,Credit,2675.46,371708.41,USD,Demo High Yield Savings,Savings,Payroll Deposit,Boston,MA,US,REF24782157,ACH,Posted
10ACCEFAC5E843FF,2025-12-03 00:15:19,2025-12-03,Pharmacy,Health,Debit,-10.12,371698.29,USD,Demo High Yield Savings,Savings,Pharmacy,Chicago,IL,US,REF75826121,Card,Posted
7728B2C9B7BE4D58,2025-12-04 09:59:25,2025-12-04,Electric Utility,Bills,Debit,-117.31,371580.98,USD,Demo High Yield Savings,Savings,Electric Utility,Miami,FL,US,REF34209460,ACH,Posted
A2F305C5FF4346D6,2025-12-04 11:00:49,2025-12-05,Insurance Payment,Insurance,Debit,-31.01,371549.97,USD,Demo High Yield Savings,Savings,Insurance Payment,Miami,FL,US,REF86427842,ACH,Posted
FD108822515C46AA,2025-12-04 16:33:28,2025-12-05,Online Retailer,Shopping,Debit,-70.21,371479.76,USD,Demo High Yield Savings,Savings,Online Retailer,Chicago,IL,US,REF42753017,Online,Posted
AF5EE7821B4B4C92,2025-12-04 23:47:32,2025-12-05,Insurance Payment,Insurance,Debit,-122.82,371356.94,USD,Demo High Yield Savings,Savings,Insurance Payment,Boston,MA,US,REF92171382,ACH,Posted
2CA8C0371A844434,2025-12-05 04:01:13,2025-12-06,Restaurant,Dining,Debit,-41.33,371315.61,USD,Demo High Yield Savings,Savings,Restaurant,Austin,TX,US,REF33022123,Card,Posted
DE2B433307F84FFE,2025-12-05 04:03:07,2025-12-07,Grocery Market,Groceries,Debit,-13.02,371302.59,USD,Demo High Yield Savings,Savings,Grocery Market,Seattle,WA,US,REF27381528,POS,Posted
442C821210BB4EF4,2025-12-05 18:03:00,2025-12-05,Transfer In,Transfer,Credit,1107.40,372409.99,USD,Demo High Yield Savings,Savings,Transfer In,Denver,CO,US,REF48143081,Internal,Pending
31E5309F3898478A,2025-12-06 01:31:37,2025-12-06,Software Subscription,SaaS,Debit,-13.52,372396.47,USD,Demo High Yield Savings,Savings,Software Subscription,Chicago,IL,US,REF62214255,ACH,Posted
81EBDEB5C28F4964,2025-12-07 05:44:30,2025-12-08,Restaurant,Dining,Debit,-24.85,372371.62,USD,Demo High Yield Savings,Savings,Restaurant,Denver,CO,US,REF63833929,Card,Pending
B7B0FB471B4A4113,2025-12-07 06:49:52,2025-12-09,Insurance Payment,Insurance,Debit,-238.44,372133.18,USD,Demo High Yield Savings,Savings,Insurance Payment,Denver,CO,US,REF30482267,ACH,Posted
9BE9E986AE7949BB,2025-12-07 08:37:33,2025-12-07,Interest Credit,Interest,Credit,24.33,372157.51,USD,Demo High Yield Savings,Savings,Interest Credit,Chicago,IL,US,REF74476742,System,Posted
3286311EFD224098,2025-12-07 09:49:33,2025-12-07,Software Subscription,SaaS,Debit,-68.17,372089.34,USD,Demo High Yield Savings,Savings,Software Subscription,San Francisco,CA,US,REF22093079,ACH,Posted
CDE5C479DC404E35,2025-12-07 12:26:53,2025-12-09,Payroll Deposit,Income,Credit,1778.82,373868.16,USD,Demo High Yield Savings,Savings,Payroll Deposit,Austin,TX,US,REF77313639,ACH,Posted
AF82AFD188124C7F,2025-12-08 23:19:26,2025-12-09,Coffee Shop,Food & Drink,Debit,-2.37,373865.79,USD,Demo High Yield Savings,Savings,Coffee Shop,San Francisco,CA,US,REF27516806,POS,Posted
9DC43EF453514FDC,2025-12-09 02:59:10,2025-12-11,Pharmacy,Health,Debit,-18.17,373847.62,USD,Demo High Yield Savings,Savings,Pharmacy,Miami,FL,US,REF32192825,Card,Posted
B4B849435480415D,2025-12-09 03:33:33,2025-12-09,Pharmacy,Health,Debit,-11.88,373835.74,USD,Demo High Yield Savings,Savings,Pharmacy,Miami,FL,US,REF74787744,Card,Posted
7EFC3F35E6AA459F,2025-12-09 08:56:59,2025-12-10,Online Retailer,Shopping,Debit,-119.23,373716.51,USD,Demo High Yield Savings,Savings,Online Retailer,Chicago,IL,US,REF46589757,Online,Pending
82986EA072A54846,2025-12-09 17:54:39,2025-12-11,Pharmacy,Health,Debit,-16.40,373700.11,USD,Demo High Yield Savings,Savings,Pharmacy,San Francisco,CA,US,REF30011366,Card,Posted
F6BCB31FE8454231,2025-12-10 06:29:52,2025-12-11,Client Payment,Revenue,Credit,1440.81,375140.92,USD,Demo High Yield Savings,Savings,Client Payment,New York,NY,US,REF38006066,Wire,Posted
4F0308EFCB934A9D,2025-12-10 11:16:16,2025-12-11,Cloud Hosting,Infrastructure,Debit,-184.03,374956.89,USD,Demo High Yield Savings,Savings,Cloud Hosting,Austin,TX,US,REF58537393,ACH,Posted
27F38C24C8D04AA0,2025-12-10 11:28:06,2025-12-10,Payroll Deposit,Income,Credit,4122.60,379079.49,USD,Demo High Yield Savings,Savings,Payroll Deposit,Austin,TX,US,REF18160765,ACH,Pending
3EAD72CA96FD4117,2025-12-10 16:49:25,2025-12-10,Grocery Market,Groceries,Debit,-14.05,379065.44,USD,Demo High Yield Savings,Savings,Grocery Market,San Francisco,CA,US,REF37592908,POS,Posted
C842159A3B6F4C78,2025-12-11 15:43:34,2025-12-12,Client Payment,Revenue,Credit,1278.01,380343.45,USD,Demo High Yield Savings,Savings,Client Payment,Denver,CO,US,REF43983969,Wire,Posted
D8F224F1997F41BD,2025-12-12 20:54:09,2025-12-13,Office Supplies,Operations,Debit,-36.22,380307.23,USD,Demo High Yield Savings,Savings,Office Supplies,Chicago,IL,US,REF75089577,Card,Posted
E30E204831E6425D,2025-12-13 08:33:20,2025-12-15,Ride Share,Transport,Debit,-10.44,380296.79,USD,Demo High Yield Savings,Savings,Ride Share,Denver,CO,US,REF80229592,Card,Posted
79C977DA36D241F6,2025-12-14 07:53:34,2025-12-14,Streaming Service,Entertainment,Debit,-5.38,380291.41,USD,Demo High Yield Savings,Savings,Streaming Service,Chicago,IL,US,REF10299883,ACH,Posted
75310E7A84034BE4,2025-12-15 02:04:16,2025-12-16,Client Payment,Revenue,Credit,9003.87,389295.28,USD,Demo High Yield Savings,Savings,Client Payment,Seattle,WA,US,REF98796442,Wire,Pending
74090B147597434E,2025-12-16 00:56:59,2025-12-17,Coffee Shop,Food & Drink,Debit,-2.56,389292.72,USD,Demo High Yield Savings,Savings,Coffee Shop,San Francisco,CA,US,REF71101892,POS,Posted
B962362CBC274B8D,2025-12-16 05:18:12,2025-12-18,Pharmacy,Health,Debit,-4.27,389288.45,USD,Demo High Yield Savings,Savings,Pharmacy,Austin,TX,US,REF65189205,Card,Posted
75802536324041EF,2025-12-16 08:18:48,2025-12-16,Payroll Deposit,Income,Credit,1388.35,390676.80,USD,Demo High Yield Savings,Savings,Payroll Deposit,Seattle,WA,US,REF56200862,ACH,Posted
646073B13D4445E1,2025-12-16 09:13:21,2025-12-18,Grocery Market,Groceries,Debit,-25.56,390651.24,USD,Demo High Yield Savings,Savings,Grocery Market,Chicago,IL,US,REF39293679,POS,Pending
AEC74FEFFB6141A1,2025-12-16 22:08:20,2025-12-17,Gas Station,Transport,Debit,-7.15,390644.09,USD,Demo High Yield Savings,Savings,Gas Station,Boston,MA,US,REF12839001,POS,Posted
0819F1D6070D4095,2025-12-16 23:03:14,2025-12-18,Interest Credit,Interest,Credit,24.65,390668.74,USD,Demo High Yield Savings,Savings,Interest Credit,Boston,MA,US,REF96921883,System,Posted
67B220A5F4B7469C,2025-12-17 13:17:16,2025-12-19,Grocery Market,Groceries,Debit,-12.18,390656.56,USD,Demo High Yield Savings,Savings,Grocery Market,San Francisco,CA,US,REF20966811,POS,Posted
E112C8CD6FB84F3E,2025-12-17 13:52:17,2025-12-18,Insurance Payment,Insurance,Debit,-214.35,390442.21,USD,Demo High Yield Savings,Savings,Insurance Payment,Miami,FL,US,REF97301075,ACH,Posted
5A30F471B42E4229,2025-12-17 17:26:04,2025-12-18,Mobile Carrier,Bills,Debit,-69.35,390372.86,USD,Demo High Yield Savings,Savings,Mobile Carrier,Seattle,WA,US,REF29640030,ACH,Posted
F4C6F3626A5D447C,2025-12-17 21:56:34,2025-12-19,Electric Utility,Bills,Debit,-18.44,390354.42,USD,Demo High Yield Savings,Savings,Electric Utility,Seattle,WA,US,REF10978481,ACH,Pending
D5D7EFFAAD8344FF,2025-12-17 22:48:39,2025-12-19,Insurance Payment,Insurance,Debit,-27.78,390326.64,USD,Demo High Yield Savings,Savings,Insurance Payment,Miami,FL,US,REF69653983,ACH,Posted
7134B2450FE64B55,2025-12-17 22:50:21,2025-12-18,Mobile Carrier,Bills,Debit,-61.97,390264.67,USD,Demo High Yield Savings,Savings,Mobile Carrier,Seattle,WA,US,REF83611807,ACH,Pending
46B73EDF22E34F36,2025-12-18 15:23:15,2025-12-20,Payroll Deposit,Income,Credit,2253.78,392518.45,USD,Demo High Yield Savings,Savings,Payroll Deposit,Boston,MA,US,REF19446734,ACH,Pending
F836E451BA4647D6,2025-12-18 17:52:11,2025-12-18,Software Subscription,SaaS,Debit,-26.95,392491.50,USD,Demo High Yield Savings,Savings,Software Subscription,Seattle,WA,US,REF50987922,ACH,Posted
643743E672124562,2025-12-19 01:16:56,2025-12-19,Coffee Shop,Food & Drink,Debit,-2.95,392488.55,USD,Demo High Yield Savings,Savings,Coffee Shop,Seattle,WA,US,REF54201786,POS,Posted
23C4B7DE2D034DBA,2025-12-19 01:27:27,2025-12-21,Client Payment,Revenue,Credit,2918.05,395406.60,USD,Demo High Yield Savings,Savings,Client Payment,Boston,MA,US,REF19908724,Wire,Posted
5AF6E46D136B4D11,2025-12-19 06:30:51,2025-12-19,Transfer In,Transfer,Credit,1006.57,396413.17,USD,Demo High Yield Savings,Savings,Transfer In,Miami,FL,US,REF17683639,Internal,Posted
9A6EAA8497F44FE0,2025-12-19 08:45:28,2025-12-19,Interest Credit,Interest,Credit,12.86,396426.03,USD,Demo High Yield Savings,Savings,Interest Credit,Seattle,WA,US,REF82778882,System,Posted
51F4ECC27899421E,2025-12-19 12:41:16,2025-12-21,Client Payment,Revenue,Credit,2485.75,398911.78,USD,Demo High Yield Savings,Savings,Client Payment,New York,NY,US,REF46076853,Wire,Posted
F740D955B0AF4E0D,2025-12-19 18:44:35,2025-12-21,Water Utility,Bills,Debit,-23.07,398888.71,USD,Demo High Yield Savings,Savings,Water Utility,San Francisco,CA,US,REF55957495,ACH,Posted
DAB33F8B3F9D4A50,2025-12-20 00:55:51,2025-12-22,Grocery Market,Groceries,Debit,-34.31,398854.40,USD,Demo High Yield Savings,Savings,Grocery Market,Austin,TX,US,REF95501953,POS,Posted
A45A54EB4B5943DF,2025-12-20 17:26:36,2025-12-21,Water Utility,Bills,Debit,-8.12,398846.28,USD,Demo High Yield Savings,Savings,Water Utility,Austin,TX,US,REF51115997,ACH,Pending
31DE2E81C98F4C55,2025-12-22 04:09:38,2025-12-23,Refund,Refund,Credit,55.94,398902.22,USD,Demo High Yield Savings,Savings,Refund,Boston,MA,US,REF13758727,Card,Posted
2C03258FD6F14D16,2025-12-22 05:00:35,2025-12-23,Grocery Market,Groceries,Debit,-11.22,398891.00,USD,Demo High Yield Savings,Savings,Grocery Market,Denver,CO,US,REF97595925,POS,Posted
5004B24931534250,2025-12-22 06:45:00,2025-12-24,Client Payment,Revenue,Credit,1799.20,400690.20,USD,Demo High Yield Savings,Savings,Client Payment,Seattle,WA,US,REF19691415,Wire,Posted
37DDA47700AB4DAD,2025-12-22 07:15:56,2025-12-22,Pharmacy,Health,Debit,-14.69,400675.51,USD,Demo High Yield Savings,Savings,Pharmacy,Miami,FL,US,REF49834900,Card,Posted
C02F690D52A846D0,2025-12-22 13:38:50,2025-12-24,Gas Station,Transport,Debit,-35.27,400640.24,USD,Demo High Yield Savings,Savings,Gas Station,Denver,CO,US,REF43005229,POS,Pending
D2A2F253BB364554,2025-12-22 21:08:45,2025-12-22,Ride Share,Transport,Debit,-16.92,400623.32,USD,Demo High Yield Savings,Savings,Ride Share,New York,NY,US,REF60327438,Card,Posted
255BF997712842B3,2025-12-23 08:56:01,2025-12-25,Software Subscription,SaaS,Debit,-116.13,400507.19,USD,Demo High Yield Savings,Savings,Software Subscription,Denver,CO,US,REF93153138,ACH,Posted
4056403DEE014E76,2025-12-23 11:59:22,2025-12-24,Payroll Deposit,Income,Credit,3416.70,403923.89,USD,Demo High Yield Savings,Savings,Payroll Deposit,San Francisco,CA,US,REF94182224,ACH,Posted
CA491C0481DD4FEE,2025-12-24 14:41:48,2025-12-25,Coffee Shop,Food & Drink,Debit,-1.78,403922.11,USD,Demo High Yield Savings,Savings,Coffee Shop,Seattle,WA,US,REF47308143,POS,Posted
8C145A5EB8BB41B5,2025-12-25 08:36:17,2025-12-27,Software Subscription,SaaS,Debit,-22.86,403899.25,USD,Demo High Yield Savings,Savings,Software Subscription,Austin,TX,US,REF13481673,ACH,Posted
2BFAB9507ED1446C,2025-12-25 17:12:30,2025-12-26,Refund,Refund,Credit,58.40,403957.65,USD,Demo High Yield Savings,Savings,Refund,Chicago,IL,US,REF89022539,Card,Pending
1228887A92494CA9,2025-12-25 19:54:13,2025-12-25,Ride Share,Transport,Debit,-23.76,403933.89,USD,Demo High Yield Savings,Savings,Ride Share,Boston,MA,US,REF88099210,Card,Pending
ABD3D36ECB394B82,2025-12-26 17:33:25,2025-12-28,Streaming Service,Entertainment,Debit,-5.70,403928.19,USD,Demo High Yield Savings,Savings,Streaming Service,New York,NY,US,REF36580682,ACH,Posted
C671F6F1C6034623,2025-12-26 18:34:46,2025-12-28,Electric Utility,Bills,Debit,-127.27,403800.92,USD,Demo High Yield Savings,Savings,Electric Utility,Boston,MA,US,REF70877634,ACH,Pending
C1811C4FF4DB43AB,2025-12-26 21:06:21,2025-12-27,Restaurant,Dining,Debit,-27.45,403773.47,USD,Demo High Yield Savings,Savings,Restaurant,Seattle,WA,US,REF88809362,Card,Pending
28C8EE4F33AF4D07,2025-12-26 23:30:07,2025-12-27,Coffee Shop,Food & Drink,Debit,-5.81,403767.66,USD,Demo High Yield Savings,Savings,Coffee Shop,Miami,FL,US,REF29530531,POS,Posted
593B391DDCF84B25,2025-12-27 06:13:42,2025-12-29,Refund,Refund,Credit,71.60,403839.26,USD,Demo High Yield Savings,Savings,Refund,Chicago,IL,US,REF13178141,Card,Posted
9C74D711AEA44C43,2025-12-27 10:58:22,2025-12-29,Payroll Deposit,Income,Credit,2755.95,406595.21,USD,Demo High Yield Savings,Savings,Payroll Deposit,Seattle,WA,US,REF58599937,ACH,Posted
DD187AC6281F48A9,2025-12-27 13:38:16,2025-12-28,Online Retailer,Shopping,Debit,-8.00,406587.21,USD,Demo High Yield Savings,Savings,Online Retailer,Austin,TX,US,REF36704602,Online,Posted
A166531978EA43F8,2025-12-27 14:43:24,2025-12-27,Gas Station,Transport,Debit,-23.18,406564.03,USD,Demo High Yield Savings,Savings,Gas Station,San Francisco,CA,US,REF93346861,POS,Posted
9F0221C6B54944D7,2025-12-29 15:35:38,2025-12-31,Transfer In,Transfer,Credit,826.55,407390.58,USD,Demo High Yield Savings,Savings,Transfer In,Boston,MA,US,REF99597988,Internal,Pending
3A2D40DC274648E4,2025-12-30 07:27:59,2025-12-30,Grocery Market,Groceries,Debit,-58.39,407332.19,USD,Demo High Yield Savings,Savings,Grocery Market,Chicago,IL,US,REF26795114,POS,Posted
95EBF6F3AF764B72,2025-12-30 09:02:15,2025-12-30,Coffee Shop,Food & Drink,Debit,-6.08,407326.11,USD,Demo High Yield Savings,Savings,Coffee Shop,Seattle,WA,US,REF64430657,POS,Pending
EF6B2B474D3F419E,2025-12-30 14:16:30,2025-12-31,Interest Credit,Interest,Credit,73.10,407399.21,USD,Demo High Yield Savings,Savings,Interest Credit,Miami,FL,US,REF75533013,System,Posted
C3E3C69828504ED9,2025-12-30 19:26:52,2025-12-31,Mobile Carrier,Bills,Debit,-40.66,407358.55,USD,Demo High Yield Savings,Savings,Mobile Carrier,Austin,TX,US,REF71839874,ACH,Posted
1CC9556BEC3F4585,2025-12-31 10:54:34,2026-01-01,Software Subscription,SaaS,Debit,-25.08,407333.47,USD,Demo High Yield Savings,Savings,Software Subscription,Seattle,WA,US,REF61468716,ACH,Posted
